3092 4884
263 390 329 459 982
618 406 724 455 nore
749 404 950 454 venronuu
974 404 1015 453 ru

263 546 315 611 tur]
339 545 399 595 Nou
411 544 572 609 reprebendo
584 545 649 595 bene
661 546 791 610 iuonmpn·
829 546 957 596 Nimirum
969 544 1086 605 Romuui,
1096 558 1155 593 euro
1166 544 1265 596 orirent
1279 558 1297 597 ι
1309 544 1363 603 Ju-

264 621 354 671 rebilie
369 620 431 673 Jcti
447 620 541 672 Jueobi
559 621 657 686 cujacii
672 622 791 671 emende-
828 620 893 671 dmin
903 621 995 671 erebro
999 622 1100 685 jejunio
1111 623 1238 686 usurpari,
1252 623 1363 673 εἰδῶ·

263 700 370 758 tionem,
377 696 428 747 fide
439 700 602 762 entiquorurn
612 700 734 749 librorum
744 700 792 750 fut·
828 697 916 747 butum
934 696 968 747 ob
985 698 1044 748 iiod.
1061 698 1192 762 praeeipue
1206 698 1362 750 munuum

262 780 326 823 tem.
359 772 418 822 Non
431 772 622 824 temnusruntru
638 776 663 825 iu
679 776 790 841 uutiquis
827 773 1090 835 eriebrori‚8obbetio
1112 788 1157 825 eoo
1174 774 1297 838 jejunare
1320 780 1362 823 te·

263 848 322 899 edd.
331 848 427 913 legitur
435 850 589 913 pruriginem
605 851 636 900 ln
645 851 720 903 Juut.
729 866 791 901 vero
827 862 898 896 mere
909 847 959 897 ribi
972 856 1168 911 peruenerunt:
1180 848 1249 914 quod
1255 847 1361 911 fflourn,

263 923 698 990 etuouuuiiineiiieoptirue,oiquid
708 927 792 990 uideo,
827 924 876 973 nisi
886 924 1037 989 Sabbatum,
1052 941 1105 975 uon
1125 940 1174 989 pro
1191 926 1304 989 septimo
1313 923 1361 975 die

259 1000 414 1063 porriginem.
446 1000 489 1049 Sio
507 1001 620 1051 neobiem
637 1007 665 1050 et
683 1002 792 1065 porrigi·
826 999 1006 1066 hebdomodio,
1015 1002 1061 1051 red
1073 1016 1121 1066 pro
1131 1008 1188 1051 totu
1197 1000 1359 1050 hebdomade

262 1088 321 1123 uero
328 1074 416 1138 jungit
432 1075 493 1126 Jur.
505 1088 543 1126 vr.
567 1076 658 1126 ‘Grex
678 1083 748 1127 totue
763 1076 791 1125 iu
827 1074 994 1139 occipiumuo,
1022 1092 1072 1142 quo
1096 1090 1175 1126 renen
1202 1074 1362 1137 Poenum,

262 1150 331 1212 ugrir
342 1150 422 1199 Uniue
432 1149 522 1200 reubie
534 1151 606 1201 cudit
620 1158 648 1201 et
659 1152 790 1215 porrigine
827 1150 905 1201 Loeae
917 1164 1000 1201 xvorr.
1013 1155 1052 1201 lt.
1068 1151 1183 1215 ‘Jejuno
1195 1149 1235 1199 bio
1251 1150 1278 1200 iu
1294 1150 1359 1200 Sub-

261 1223 352 1289 porni.'
384 1227 419 1275 Et
438 1227 521 1276 Lorii.
542 1227 667 1279 ‘'lbiotem
686 1234 714 1276 et
735 1242 791 1277 eor·
827 1228 905 1279 boto:
932 1228 999 1279 Huc
1018 1228 1075 1278 fere
1096 1228 1206 1279 Cunub.
1229 1227 1262 1276 ud
1282 1227 1359 1278 Suet.

261 1308 366 1365 ruptum
378 1303 466 1353 roubie
481 1309 509 1352 et
526 1303 655 1367 porrigine
666 1303 789 1367 pienum!
826 1304 902 1354 Beue.

262 1379 310 1427 Eut
320 1385 406 1427 eutem
420 1380 517 1441 porrigo
534 1379 672 1429 eorundum
686 1378 789 1429 Celsum
858 1382 873 1442 ς
891 1383 920 1428 lo
941 1380 1030 1429 Eodem
1040 1379 1122 1443 muro]
1145 1378 1294 1430 ‘Caunum’
1309 1394 1357 1431 ro·

260 1454 384 1519 proprie:
410 1454 475 1505 ‘ubi
496 1454 566 1505 iuter
588 1455 652 1519 piton
672 1454 789 1518 quedem
826 1453 1358 1519 eutAuctor,quomeutedixit‘eoubien

261 1531 334 1597 queri
362 1532 503 1596 nquouut·
523 1536 643 1595 snrgunt,
663 1544 753 1595 euque
773 1546 798 1594 n,
825 1536 855 1579 ot
875 1529 1044 1593 vitiliginem?
1086 1532 1170 1581 Conon
1189 1532 1284 1596 rupino
1306 1546 1357 1597 pro

261 1611 322 1655 cute
344 1606 516 1668 renouentur,
537 1613 565 1656 et
587 1606 716 1657 interdum
737 1620 789 1656 mn·
825 1605 915 1655 morbo
933 1611 1079 1670 unnrpetnr.
1111 1607 1220 1657 cetron:
1239 1608 1356 1658 ‘Portu

261 1681 335 1742 deut,
351 1680 658 1732 interdumetceeeuur:
688 1681 789 1732 Tribui·
825 1695 883 1746 quoe
901 1682 928 1731 iu
946 1696 1025 1732 couno
1043 1683 1121 1733 nunt.’
1153 1683 1230 1733 Unde
1248 1691 1276 1734 et
1293 1698 1359 1733 ouu-

262 1763 305 1807 tur
317 1762 401 1807 tumen
413 1764 440 1807 et
452 1758 482 1808 iio
501 1760 612 1821 porrigo,
629 1771 736 1823 quornm
749 1763 789 1807 to·
824 1760 908 1809 nerino
925 1774 973 1823 pro
994 1767 1102 1823 oegroto.
1134 1759 1205 1810 Piiu.
1223 1772 1310 1810 rxrnr.
1328 1764 1356 1811 8.

261 1837 317 1883 tutu
328 1846 423 1897 corpur
433 1833 572 1897 equumuiio
585 1839 612 1882 et
626 1832 713 1882 roubie
723 1831 788 1881 obei-
824 1836 959 1886 ‘Camurii
970 1835 1062 1885 deuter
1070 1836 1088 1885 ε’
1104 1841 1133 1885 et
1145 1848 1212 1885 xxv.
1220 1840 1245 1885 u.
1269 1837 1278 1865 ⁴
1290 1834 1359 1884 Gon·

260 1913 315 1958 tum
336 1917 385 1971 eet,
405 1915 434 1958 ut
454 1924 488 1959 ex
508 1909 540 1957 iio
561 1917 636 1973 potet
655 1908 789 1972 exemplis,
824 1910 884 1960 nerii
903 1911 945 1959 vei
962 1911 1045 1959 intere
1066 1910 1108 1959 roi
1127 1908 1262 1959 tenuibus!
1293 1910 1358 1961 fleo.

259 2000 316 2049 queo
337 1986 478 2037 attulimus.
506 1986 587 2036 Groeo.
629 1985 738 2035 Becher.
761 1993 789 2035 et
824 1986 986 2035 ‘conionum
1001 1984 1111 2049 eorpuo'
1128 1993 1205 2035 vocet
1218 1983 1356 2034 intimum.

258 2060 303 2110 eiii
312 2075 359 2124 pro
367 2061 510 2123 vitiliginem
517 2060 623 2109 edidere
631 2060 787 2123 pruriginem.
824 2066 832 2090 ‘
843 2060 968 2111 &noerio
979 2060 1080 2111 minoio'
1098 2062 1278 2124 epitomum
1288 2066 1358 2123 erut,

257 2135 310 2185 sed
322 2136 436 2197 uoluere,
448 2142 492 2185 out
502 2135 626 2197 debuere,
637 2146 666 2186 ut
677 2138 703 2185 in
714 2137 787 2186 Juut.
824 2151 882 2188 enm
899 2137 956 2202 quir
972 2137 1006 2190 ob
1027 2137 1163 2187 edveroom
1179 2136 1356 2187 valetudinem

258 2216 308 2273 ent,
317 2211 470 2273 porriginem.
487 2212 574 2261 vorot.
598 2212 672 2262 dunt.
684 2220 712 2262 et
724 2228 788 2263 uou-
824 2213 941 2262 omititiu
957 2213 1141 2263 dimitteretur.
1174 2210 1280 2262 Areten
1290 2224 1355 2276 quo-

258 2286 334 2335 uuiiu
351 2285 407 2334 elion
427 2286 486 2335 edd.
503 2288 660 2350 porriginem.
696 2288 788 2352 Liquet
823 2289 979 2354 quedicitur
996 2289 1023 2337 ir
1039 2285 1179 2354 «budoni,
1192 2302 1251 2352 pro,
1262 2286 1355 2337 morbo

259 2361 413 2411 alterutrum
425 2361 575 2424 gionrutorio
587 2378 653 2412 enne.
672 2363 753 2422 Sedes.
822 2366 951 2416 laborare.
968 2366 1044 2415 Goon.
1101 2387 1104 2391 ⁴
1341 2397 1346 2406 ·

291 2438 354 2501 §id
371 2438 478 2487 Mentem
493 2437 586 2503 Syrou]
613 2439 687 2490 Juut.
705 2439 788 2503 Syro,
856 2439 1270 2504 Compongrinioeonrnrunioureut]
1287 2439 1354 2489 Mor.

258 2522 289 2565 ut
307 2515 401 2564 ‘mono
422 2514 555 2578 Surontio,'
576 2515 712 2579 ‘Vergeiii
734 2522 787 2565 tor·
822 2517 897 2566 Fuld.
908 2518 999 2581 optioni
1009 2532 1061 2567 oeno
1070 2532 1096 2581 p.
1107 2516 1268 2565 moioerort:
1283 2513 1353 2578 qood

257 2591 334 2657 reur‚’
352 2590 466 2642 ‘flumen
497 2591 653 2654 Aretbuore,'
675 2600 703 2641 et
728 2605 786 2641 nex·
821 2592 995 2656 umpieeteud.
1016 2599 1096 2656 puto:
1112 2591 1224 2641 menime
1239 2604 1298 2639 eum
1314 2590 1354 2639 ito

257 2672 334 2719 ceute
343 2669 398 2731 huj.
409 2674 478 2717 uotae
486 2681 526 2730 ep.
536 2668 645 2731 optimos
654 2668 682 2716 t..
690 2669 719 2717 1.
728 2678 799 2717 ene·
822 2671 901 2719 etiem
913 2669 939 2717 in
948 2669 1001 2717 nnio
1016 2668 1082 2718 Men.
1098 2664 1227 2731 repererit
1236 2665 1353 2728 Boupor-

258 2749 337 2792 toreo.
356 2744 437 2793 Grau.
469 2743 579 2792 Becher.
594 2734 680 2791 rurnur
696 2750 724 2793 et
741 2744 786 2792 ulii
820 2746 891 2797 niue:
914 2745 998 2794 nteit
1018 2745 1061 2795 bie
1080 2743 1211 2805 connium,
1231 2742 1354 2806 nonjune·

255 2815 490 2878 edidereSpuaenm.
514 2816 786 2878 Voluere‚oredo‚uut
821 2820 893 2869 tione
914 2820 975 2869 niteo
1003 2827 1094 2869 mutue
1114 2817 1162 2880 uti,
1180 2816 1241 2867 frui.
1273 2818 1351 2867 Unde

251 2890 381 2952 debuere,
389 2896 419 2939 ut
430 2891 456 2939 in
467 2890 541 2940 dunt.
549 2895 599 2951 ent,
608 2889 690 2955 Sym.
706 2892 784 2943 Quod
818 2897 829 2941 .‘
840 2894 984 2945 convivium
994 2894 1011 2944 ε’
1028 2894 1062 2944 de
1072 2908 1123 2961 quo
1133 2894 1170 2944 ite
1181 2894 1238 2944 cie.
1255 2894 1290 2943 de
1303 2895 1351 2944 Se·

255 2972 297 3015 ent
318 2964 372 3028 ejun
394 2964 494 3026 tormen,
521 2966 594 3028 cujuo
621 2973 681 3017 runt
701 2968 784 3019 ‘urbo
819 2975 939 3022 ueetlt.
955 2969 1353 3033 ‘Beuemnjoreonootriuecn-

253 3040 418 3104 Antiocbiu,’
435 3041 671 3092 ‘monebornctiu'
703 3044 784 3095 Nimi·
818 3045 949 3097 butiouenr
969 3046 1104 3110 epularem
1120 3043 1269 3106 teminorum,
1290 3058 1350 3109 qu·

254 3132 311 3168 rum
328 3118 424 3169 numiui
442 3118 571 3169 communi
585 3118 704 3182 juugitur
725 3135 783 3183 pro·
821 3121 881 3171 ritu
899 3120 1108 3185 conjunctionem
1124 3119 1243 3183 boberet,
1263 3120 1352 3171 nouri-

252 3194 338 3259 prium
348 3209 410 3246 nunu
422 3194 551 3245 necundo:
569 3200 598 3243 ut
607 3195 689 3245 rectio
706 3210 783 3260 quum
820 3195 888 3245 rium
909 3194 1094 3247 neminemne?
1125 3194 1252 3244 Pteutuo:
1276 3194 1352 3245 ‘bii-

255 3277 348 3321 roouut
368 3272 403 3321 rit
432 3286 479 3335 pro
501 3270 673 3334 opponitionr.
704 3271 782 3322 Vorot.
816 3271 875 3320 riuti
885 3270 917 3320 ud
928 3270 1167 3331 noviodunum
1177 3270 1350 3321 bodieteeunr
1400 3280 1413 3291 “

249 3346 346 3397 =Ptuoet
356 3346 437 3412 Syna.
468 3345 521 3396 Sed
534 3352 600 3416 puto
617 3347 667 3395 elie
679 3360 783 3412 quoqne
817 3345 993 3396 eouriroretz'
1008 3344 1276 3410 quodeupruqooqne
1287 3346 1351 3396 uite·

249 3423 360 3473 biceone
373 3424 472 3472 vitione.
505 3422 638 3474 Quomodo
654 3422 721 3473 enim
738 3438 782 3475 oe·
818 3435 880 3485 rure
892 3420 1008 3482 memini,
1019 3435 1070 3486 quo
1087 3421 1106 3470 1.
1124 3420 1176 3470 vid.
1194 3420 1269 3483 piurn
1278 3421 1349 3472 dob.

250 3505 333 3561 cnput
351 3500 471 3565 primunt
479 3500 591 3547 montem
610 3498 697 3562 Synoe,
719 3499 781 3550 dein
819 3496 907 3547 uerbo.
924 3496 1029 3546 Μαι.
1053 3495 1216 3546 Coootruetio
1228 3496 1349 3547 rerbinio

249 3570 302 3621 iter
312 3570 377 3622 inuit
388 3587 435 3636 per
445 3574 550 3622 deserte
561 3571 674 3636 Ambit,
684 3580 712 3624 et
724 3582 779 3624 tou·
818 3572 936 3623 rebnbet
952 3578 982 3621 nt
998 3585 1041 3635 up.
1061 3572 1188 3635 optimoo;
1204 3586 1264 3623 eum
1279 3573 1350 3624 ebir·

247 3646 309 3696 dem
328 3647 401 3695 veuit
418 3648 592 3697 Dumnoeum?
609 3648 675 3698 Huc
694 3650 780 3701 omniu
818 3648 872 3697 tiro
889 3653 953 3711 putu
970 3646 1150 3697 intercedente
1166 3648 1349 3711 proepooitiouo

250 3722 417 3772 mediocriter
433 3722 545 3771 iocorum
559 3722 645 3785 perito
658 3732 717 3783 eunt
733 3726 779 3775 eb·
816 3739 878 3775 ceu.
910 3722 962 3773 Sed
976 3720 1143 3786 significatio,
1161 3737 1220 3788 qum
1237 3724 1280 3774 bio
1295 3738 1349 3775 uou

248 3796 335 3849 rurdn.
371 3796 563 3846 VitiumIetere
580 3797 606 3847 iu
622 3805 778 3864 occupetque
816 3800 913 3859 entire,
933 3797 980 3849 ned
999 3799 1124 3848 neutruiio
1143 3806 1194 3860 eut,
1212 3814 1255 3863 ep.
1274 3800 1346 3851 eund.

248 3874 362 3938 ridetur,
378 3873 433 3935 red,
452 3871 514 3938 quid
536 3886 583 3937 pro
602 3886 634 3921 oo
655 3875 778 3926 oubntitui
815 3877 874 3926 iiior
892 3875 1015 3937 nondum,
1033 3873 1122 3935 eredo,
1140 3882 1181 3924 ert
1197 3874 1347 3927 oboorrntu.

248 3948 353 4011 debeat,
363 3963 415 4000 non
426 3949 537 3999 inuenio.
554 3948 635 4008 Scies.
814 3949 946 4015 Ap.8uip.
954 3950 1076 4000 Severum
1084 3950 1347 4015 nitorqueoeriptoreo

273 4023 774 4089 Sobbotunr,tso.jeiunioooornoit]Eund.
814 4025 1078 4078 oeoieoieetiooooutin
1088 4022 1271 4091 frequentent.
1302 4027 1348 4079 Au

247 4104 318 4149 erret
327 4112 440 4149 errorem
452 4099 584 4163 Augustus
596 4116 639 4166 up.
650 4104 723 4154 Suet.
732 4108 773 4154 io.
813 4104 869 4167 ipen
889 4102 960 4154 dunt.
978 4101 1017 4151 itu
1036 4100 1180 4165 eoripoerit,
1198 4103 1346 4167 ambiguum

247 4174 309 4224 ‘Ne
319 4172 427 4227 Judaeuo
438 4175 549 4239 quidem,
565 4178 599 4226 mi
613 4178 710 4241 Tiberi,
721 4185 774 4229 tum
812 4178 881 4231 t'ooit
891 4178 956 4229 iiind
969 4179 1039 4244 qnod
1055 4177 1132 4229 eodo.
1148 4180 1214 4229 Meo.
1229 4180 1307 4231 eun.
1316 4188 1347 4232 et

246 4248 516 4315 diiigenterflobbutie
529 4250 657 4312 jejunium
668 4253 773 4305 rerunt?
813 4256 915 4320 Boua.
923 4255 1030 4321 quidem
1039 4256 1290 4320 pronuntiarent
1298 4258 1345 4309 be·
