3092 4884
493 389 647 439 quartur
673 390 745 437 utu.
769 390 849 438 xvr.
873 390 953 438 cae.
977 376 1007 440 1.
1241 376 1306 443 869

206 529 452 592 deautnrargutiua.
468 532 548 592 Bm.
582 532 665 581 Recte
676 546 737 580 anne
773 530 936 582 insidiatum’
948 533 1000 583 ait:
1017 532 1103 596 ‘quod
1113 532 1156 583 ubi
1167 534 1306 597 comperia-

204 612 233 653 et
244 603 411 655 ordineterit
429 605 492 667 [bro.
515 606 576 656 Vid.
587 622 644 669 unp.
657 622 737 672 usqne
776 617 826 668 aot,
844 623 872 657 ae
892 610 949 673 ejus
966 610 1059 658 sceleri
1079 609 1178 659 obvium
1198 610 1256 672 iare,
1274 626 1305 661 uc

207 679 392 744 ad‘parere.']
408 682 547 733 Brrueoeer.
571 681 738 747 Antiquiorea
776 684 884 761 prqinrle
902 685 1024 748 populum
1043 684 1116 733 Rom.
1133 690 1215 749 neque
1232 693 1306 735 recte

204 755 275 818 typia
298 769 374 819 expr.
401 770 503 805 rursum
529 757 738 820 praeporitiouem
776 771 859 822 neque
872 773 919 822 pro
937 759 1006 807 bono
1022 757 1160 820 facturum,
1172 760 1194 807 ri
1205 759 1305 825 abjure

168 882 174 891 ,
205 830 339 891 omittunt,
357 830 507 895 habentque
523 833 656 895 parricidio
676 846 738 895 proe·
776 836 892 897 gentium
908 850 964 885 aeae
981 835 1168 899 prohibuerit!
1185 836 1303 888 Salliu.

203 906 265 955 texi.
299 906 649 970 fflrqnemprmevotgans
664 906 738 955 verbi
776 914 854 961 m.
874 911 949 961 Rern.

202 984 372 1033 courtmctio.
405 984 499 1047 Virgil.
512 997 548 1034 tv.
561 983 619 1033 AEn.
636 983 738 1033 ‘Novia
809 988 867 1050 §la
883 988 977 1039 &eiuro
994 990 1019 1039 iu
1035 990 1099 1038 omni
1116 990 1204 1038 militia
1215 988 1305 1053 fuine]

203 1066 352 1123 praetexere
359 1058 554 1109 suueraaacria!
563 1060 643 1110 Vorrt.
651 1060 738 1108 vorst-
776 1059 829 1109 Alit
837 1062 925 1110 corium
933 1064 996 1111 domi
1007 1064 1143 1128 militiaque
1148 1064 1244 1124 fuitne.-
1257 1066 1305 1115 aed

204 1138 283 1185 etiam
298 1136 342 1185 bic
353 1150 387 1188 ex
398 1136 469 1186 diota
479 1150 559 1186 cauea
570 1134 634 1185 illud
645 1135 670 1184 in
682 1136 738 1184 vult
776 1144 866 1186 contra
878 1147 990 1187 mentem
1003 1139 1190 1205 Auctorir,·qui
1207 1142 1255 1190 boc
1267 1141 1305 1191 di·

203 1213 327 1278 expungi.
360 1211 738 1274 Semcnnregulastrcerrte
774 1226 836 1262 cere
865 1215 934 1263 uult:
963 1214 1131 1279 Antipatrum
1157 1214 1304 1266 affluentem

203 1288 269 1337 rima
280 1302 332 1358 nou
343 1289 400 1351 regi
416 1288 568 1351 ablativum,
581 1288 630 1337 uiri
643 1304 658 1337 a
670 1302 737 1350 prae-
774 1287 881 1350 delitiis,
893 1290 1063 1354 otiosumque,
1075 1299 1103 1340 et
1114 1292 1247 1341 socordem
1260 1292 1304 1342 do-

205 1363 332 1428 poritione
344 1364 386 1412 vel
396 1364 487 1422 tacito,
495 1364 537 1414 rel
549 1377 680 1426 expressa,
690 1378 737 1413 cur
773 1363 809 1411 mi
818 1362 924 1427 rediero,
935 1372 963 1413 et
976 1364 1137 1415 Macedoniae
1150 1380 1253 1428 gravem
1265 1366 1305 1416 fu·

205 1439 525 1503 repenaoeleridebeatt
557 1439 665 1489 Omittit
676 1454 737 1488 mue
774 1439 841 1500 iaae;
863 1440 962 1488 interea
983 1440 1044 1489 dum
1066 1439 1115 1490 anb
1136 1442 1258 1505 Philippo
1277 1450 1305 1493 et
1335 1496 1337 1499 ,

205 1515 376 1577 contemndo,
386 1514 431 1564 aed
443 1530 473 1564 ea
484 1528 537 1564 non
549 1521 589 1565 eat
601 1521 738 1578 perpetua.
773 1513 925 1564 Alexandro
945 1515 1041 1578 Magno
1060 1516 1115 1579 ejua
1133 1516 1187 1564 filio
1211 1532 1303 1581 graves

204 1591 286 1651 rietes.
318 1591 370 1641 llic
382 1592 456 1643 Juut.
468 1598 496 1641 et
507 1606 540 1639 eu
553 1592 604 1642 Ma.
615 1592 738 1641 Britanni
774 1590 874 1640 militia
886 1590 985 1639 labores
997 1590 1105 1654 pertulit
1120 1591 1247 1641 Demetrii
1260 1608 1303 1656 pa-

204 1668 303 1717 reatiua
312 1682 387 1732 qnam
399 1669 521 1731 vulgatae,
533 1682 590 1732 quea
601 1668 661 1717 retia
672 1681 737 1732 prae-
775 1672 816 1714 ter
825 1664 981 1729 Antigonus.
998 1666 1064 1714 Mod.

206 1744 364 1793 termittuut.
383 1744 467 1793 Groeo.
807 1743 864 1804 §lb
883 1741 1137 1804 Neeceoanqquouu
1147 1743 1303 1793 omnemrtir·

237 1821 278 1883 §b
299 1818 397 1868 Oblraee
411 1819 488 1882 igilur
498 1817 647 1881 Alexander]
673 1819 737 1871 Mra.
771 1830 826 1878 pem
842 1817 917 1877 regie
936 1815 1024 1865 rubilia
1038 1816 1138 1879 deleret]
1161 1818 1302 1868 ‘Deteret'

205 1911 297 1947 omnen
320 1896 416 1946 babent
444 1897 501 1945 Port
522 1896 581 1957 lraer,
608 1903 738 1960 quotquot
773 1906 832 1955 pru,
854 1891 999 1941 delevisset.
1043 1891 1230 1955 Imperfectum
1255 1908 1303 1957 pro

204 1975 289 2039 Boug.
301 1974 376 2025 vidit.
408 1973 572 2038 videturque
588 1974 665 2035 longe
684 1988 736 2021 me·
775 1970 1026 2036 plusquamperfecto
1036 1970 1144 2020 subinde
1158 1972 1219 2036 puni
1231 1979 1303 2023 nota·

204 2050 254 2099 lior
264 2050 319 2100 luec
330 2052 392 2100 lect.
401 2049 511 2112 vulgari.
527 2049 646 2117 „Nempe
655 2050 737 2113 requi·
773 2046 856 2095 vimus
868 2046 900 2095 ad
910 2060 973 2095 xrn.
985 2050 1010 2096 2.
1022 2051 1063 2096 ll.
1085 2048 1139 2097 Vor.

204 2132 249 2176 tur
263 2126 307 2174 ‘iu
325 2126 449 2175 ultionem
460 2131 583 2175 materna
596 2124 735 2186 necir,'cul
806 2124 859 2186 §ll
877 2122 907 2171 Si
914 2123 1072 2187 quirmnnium
1080 2138 1161 2172 mour
1168 2124 1213 2188 eat]
1231 2124 1303 2174 Nota

203 2216 255 2251 non
271 2208 343 2252 recte
361 2202 530 2266 premittitur
549 2200 587 2247 Ob
597 2200 655 2263 lroec,
675 2200 735 2264 quia
771 2196 917 2260 formulam,
934 2202 941 2229 ‘
956 2201 977 2247 ai
999 2201 1056 2265 quia
1079 2200 1190 2248 menium
1212 2214 1302 2251 aeuaua

206 2278 272 2327 dicit
287 2278 367 2339 idem,
378 2285 457 2342 atque
477 2276 542 2326 adeo
561 2285 601 2326 ert
617 2278 735 2326 otiorum.
772 2274 833 2335 est‚'
850 2290 900 2339 qua
912 2282 957 2324 ant
974 2276 1051 2325 aimrli
1070 2275 1125 2325 fere
1139 2278 1175 2325 usi
1190 2277 1302 2327 Veteres

205 2354 357 2406 ontdenim
375 2353 568 2417 Obioecqnam,
584 2352 618 2401 ob
636 2350 735 2401 lactum
772 2352 798 2401 in
811 2352 933 2400 memoria
943 2351 1131 2401 defunctorum.
1165 2354 1302 2403 Sernsnl·

205 2428 383 2492 parricidium,
393 2422 427 2478 ne
437 2443 474 2478 ao.
485 2428 636 2492 impunitum
650 2441 735 2477 mane·
772 2428 851 2492 pitius
860 2441 896 2479 tv.
910 2430 958 2491 Ep.
971 2436 995 2477 5.
1012 2429 1106 2481 ‘Quod
1123 2430 1144 2477 ai
1157 2430 1301 2493 quinetiam

205 2506 266 2555 reti
282 2504 361 2569 Hebes.
772 2505 863 2555 inferia
881 2520 969 2553 aeneus
986 2513 1034 2565 eet,
1053 2506 1095 2569 qui
1111 2505 1180 2554 illius
1192 2520 1263 2555 antor
1275 2508 1301 2555 in

236 2586 252 2631 b
269 2579 417 2643 Demetrius]
434 2580 486 2632 Qui
496 2586 524 2629 et
541 2578 734 2628 ‘Poliorcetes'
771 2586 799 2630 te
811 2580 878 2640 fnit:
895 2584 944 2630 &m
978 2580 1034 2629 Cic.
1054 2580 1120 2630 Pbil.
1137 2594 1164 2629 x.
1181 2581 1226 2630 ‘Si
1245 2583 1301 2645 quir

205 2658 301 2719 dictus,
321 2658 346 2705 b.
363 2671 387 2707 e.
406 2656 501 2706 arbim
517 2656 634 2704 obrem:
658 2655 734 2717 cujrrs
771 2656 798 2704 ln
816 2665 900 2706 morte
919 2670 1007 2705 renarra
1023 2656 1081 2707 ert!
1114 2656 1154 2707 Id.
1170 2658 1301 2720 proserit.

203 2732 362 2797 cognominis
375 2733 515 2781 rauitalem
527 2730 613 2795 arguit
623 2729 695 2779 Plut.
707 2729 733 2777 iu
770 2733 864 2784 ‘Quod
877 2739 960 2793 certe,
975 2731 997 2780 ei
1013 2739 1054 2782 eet
1070 2732 1161 2796 aliquia
1173 2748 1263 2783 rentur
1274 2734 1300 2783 in

205 2810 324 2859 Demetr.
336 2812 376 2857 62.
393 2808 469 2857 nem.
770 2816 855 2857 morte
866 2808 1047 2872 praeclarorum
1054 2808 1176 2871 virorum,
1184 2824 1241 2859 cnm
1250 2824 1303 2859 om·

236 2887 277 2949 §a
294 2883 434 2945 interserit]
453 2884 517 2947 Leg.
528 2882 651 2948 interficit.
667 2880 732 2931 rao.
770 2884 846 2933 nibna
858 2883 990 2945 Metellis:
999 2886 1048 2934 διο.
1074 2884 1134 2934 Seu.
1146 2884 1171 2934 in
1183 2886 1226 2935 De
1234 2886 1301 2936 Cou-

204 2961 249 3011 Sic
259 2967 287 3010 et
297 2960 373 3011 Juut.
393 2960 474 3007 Grau.
656 2979 660 2988 ⁴
770 2960 817 3011 eol.
837 2960 870 3010 ad
890 2959 984 3024 Polyb.
1007 2960 1097 3013 ‘Quid
1119 2960 1208 3027 itaque
1223 2962 1302 3025 juret

236 3039 276 3101 §a
292 3036 323 3085 In
333 3033 475 3097 truciorem]
490 3034 560 3083 Delo
570 3034 604 3083 ir.
619 3032 683 3082 Fab.
769 3036 851 3085 dolori
871 3036 1045 3096 intabescere,
1057 3050 1142 3098 quem,
1154 3037 1175 3084 ai
1190 3038 1246 3100 quir
1257 3037 1302 3086 de-

236 3116 294 3178 §10
311 3108 733 3176 Ompamtnairliar1Juatailiud
769 3109 854 3161 functi
874 3125 961 3160 renarra
983 3116 1033 3174 ert,
1049 3109 1117 3159 fiuirl
1138 3111 1221 3161 frater
1241 3118 1300 3161 tuuc

129 3197 131 3200 '
201 3190 314 3255 Tyronis
331 3204 374 3254 op.
391 3187 475 3251 Agell.
486 3192 570 3236 vrum
586 3184 733 3236 ‘Beneficia
769 3186 868 3251 cupiti’
887 3186 997 3238 Quintil.
1013 3186 1088 3235 Deci.
1098 3200 1239 3237 cccxxxrr.
1256 3186 1302 3236 ‘Si

202 3264 733 3334 promiaaaopperirioportet,nequeaute
770 3262 1301 3329 quidinfensenrtnnt,cognorceanimum

202 3341 361 3394 remunerari
381 3342 459 3406 qu'anr
476 3338 548 3389 saeta
563 3344 631 3387 ruut.
663 3338 733 3401 anu·
770 3336 874 3387 meum!
905 3337 1129 3401 Inscriptioretua
1145 3336 1301 3400 Hispanien-

204 3420 256 3470 riar
282 3426 369 3468 autem
393 3416 556 3466 imminenter
578 3414 733 3477 precarique
771 3414 823 3464 aiu:
849 3426 872 3483 ar
893 3426 986 3465 manaa
1006 3426 1072 3462 cosa
1092 3426 1163 3461 anna
1182 3424 1300 3465 nucum

200 3498 300 3562 jartam
308 3500 349 3543 eat
359 3493 451 3555 magu,
460 3504 536 3555 quam
545 3488 732 3552 expectarique.
771 3502 914 3539 ratmunt.
948 3490 981 3538 Et
992 3489 1017 3538 ln
1029 3488 1222 3553 Epigrammate
1236 3489 1302 3539 auti·

202 3568 387 3623 Summaenim
405 3564 535 3631 profectio
550 3563 668 3614 atultitire
684 3571 733 3628 ert,
771 3579 837 3631 quo:
855 3564 980 3630 ‘Surcipe
990 3579 1068 3627 urrue,
1078 3564 1200 3628 conjunx,
1211 3566 1231 3613 ai
1243 3566 1300 3630 quia

203 3661 255 3698 non
275 3648 315 3697 ira
329 3643 431 3694 obviarn
447 3639 590 3692 sceleribus
605 3640 734 3704 cogitatio,
771 3648 831 3705 pout
849 3641 940 3691 funera
958 3640 1063 3690 aeuaua.¹
1105 3640 1154 3689 Cui
1171 3641 1300 3705 geminum

202 3724 249 3774 aeti
261 3734 366 3772 manere
381 3718 557 3783 opperirique,
572 3724 610 3778 ut,
620 3730 678 3765 curu
690 3716 735 3765 ari·
771 3718 836 3767 illud
848 3717 899 3768 Ov.
911 3716 944 3766 de
956 3716 1035 3767 Pout.
1067 3716 1121 3765 ‘Et
1131 3717 1200 3779 ne,ri
1212 3732 1301 3781 anper·

202 3801 280 3851 mitra
289 3806 317 3847 et
326 3800 476 3859 perpetrata
486 3791 592 3851 fuerint,
600 3798 655 3860 tum
664 3791 734 3841 deni·
771 3791 1302 3857 eutaliquiapostfunerarenrur,'l'errent

203 3892 265 3943 qne,
277 3874 331 3933 ubl,
342 3887 400 3937 quae
411 3870 482 3920 l'actt
491 3878 561 3931 aunt,
570 3868 668 3918 infecta
678 3867 735 3917 fieri
771 3877 801 3918 ut
809 3883 896 3917 manee
907 3867 1030 3917 Sarmatia
1042 3867 1134 3916 umbra
1145 3866 1232 3916 meon'
1258 3868 1303 3918 Id.

202 3945 549 4017 noupoaruut‚puuiautur.'
582 3943 660 3997 Queri
671 3958 734 4008 pau·
771 3942 850 3993 alibi:
875 3942 953 3991 ‘lloo
975 3949 1050 4005 pater
1071 3942 1114 3989 illa
1137 3948 1197 3990 tnua
1218 3943 1302 4007 primo

203 4032 241 4082 ela
260 4024 376 4090 ‘l'buoyd-
396 4038 416 4073 1.
432 4027 457 4073 t.
472 4026 512 4071 tt.
535 4022 581 4069 ari
597 4024 734 4085 eponiacu-
771 4018 835 4069 mibi
844 4019 929 4067 cultua
940 4017 972 4066 ab
981 4030 1046 4078 uro,
1054 4016 1147 4081 Siquid
1157 4018 1235 4069 babet
1244 4035 1302 4071 reu-

203 4096 623 4165 mfflmqimntlovuetw.
656 4096 734 4147 Unde
772 4108 815 4143 aua
824 4094 915 4143 umbra
925 4092 1033 4153 diretta,
1043 4092 1130 4156 petit!
1162 4094 1303 4145 Plurorirl.

204 4181 342 4244 Jranrbn,
361 4189 435 4240 reque
457 4182 544 4226 tamen
565 4173 683 4223 aimulate
702 4186 734 4224 ee
770 4185 815 4233 ap.
826 4170 938 4232 amplier.
954 4169 1067 4219 Briraou.
1086 4170 1131 4221 lib.
1141 4170 1174 4220 de
1187 4172 1299 4223 Fonuul.

207 4258 313 4318 Neuter,
330 4249 523 4303 ‘Adherbalem
534 4248 600 4300 deba
612 4249 672 4299 rita
682 4264 734 4301 roa
771 4260 834 4297 trra.
853 4260 882 4310 p.
892 4248 948 4295 8⁴⁰·
964 4246 1033 4296 Mad.
1066 4246 1110 4297 lta
1127 4247 1201 4297 Serv.
1216 4246 1301 4311 Sulpl·
