3092 4884
295 398 382 466 1078
434 405 592 467 comeus
613 416 654 466 ιη
681 414 870 465 ammorii.
895 416 1019 467 rursu.
1044 416 1265 468 assurvarr.

294 567 362 642 est;
384 561 482 647 cujus
500 560 672 629 industrie
687 559 887 645 Catalogum
907 559 1011 626 ctiam
1029 559 1185 626 codicum
1206 558 1405 627 Glurkiauo-

294 682 368 729 rum
383 662 556 729 debemus.
819 741 821 747 Ι

337 766 379 830 Io
394 764 556 830 Biblioth.
577 760 672 849 Corp.
695 760 812 828 Christ.
830 760 911 827 Coll.
931 763 1018 829 Mos.
1041 764 1236 845 abundanti,
1251 770 1303 830 est
1316 764 1406 829 Jus-

294 866 357 931 tini
371 867 529 951 Epitomo
540 866 766 932 Historiarum
779 867 881 951 Trogi
896 867 1063 953 Pompeii,
1077 869 1145 932 lto.
1156 867 1232 933 cod.
1247 868 1406 952 pulcher-

293 968 408 1047 rimus,
421 971 601 1035 membram
632 968 703 1034 Sub
717 970 836 1036 initio:
852 974 862 1005 ‘
877 970 1049 1057 Incipiunt
1061 968 1207 1036 (ironica
1220 970 1244 1037 J
1246 969 1352 1037 ustini
1368 969 1406 1034 iu

293 1066 614 1138 Abbreviationibus
627 1072 731 1155 Trogi
746 1071 924 1158 Pompeii?

338 1170 379 1236 In
391 1173 552 1238 Bibliotb.
564 1169 685 1258 Colleg.
697 1171 778 1237 Noe.
794 1174 964 1259 pretiosos
977 1175 1140 1257 quosdam
1151 1174 1239 1239 Mss.
1253 1179 1405 1250 tenente,

293 1272 397 1356 Trogi
425 1274 583 1360 Pompeii
620 1272 777 1359 Epitome
814 1274 1049 1356 Historiarum,
1084 1276 1254 1342 continens
1280 1274 1406 1339 Libros

294 1392 405 1441 xciv.

636 1547 763 1616 Codices
780 1546 1062 1639 cantabrigienses.

338 1684 380 1749 In
396 1685 555 1753 Biblioth.
578 1682 715 1751 Publica
734 1686 782 1751 N.
797 1686 895 1755 2375.
910 1674 985 1753 cod.
1001 1688 1059 1771 qui
1074 1686 1220 1753 coutinct
1234 1686 1318 1751 iuter
1334 1686 1406 1750 ulia

298 1786 391 1873 (Art.
414 1788 487 1875 ll.)
512 1788 663 1872 'Trogum
684 1788 887 1875 Pompeium
914 1809 1014 1872 quem
1035 1788 1215 1872 exscripsit
1231 1787 1402 1855 «lustinus.

293 1889 423 1958 Versus
437 1893 691 1977 qualiscumque
712 1892 747 1956 in
770 1890 940 1977 principio
962 1890 1059 1956 libri:

381 1998 392 2028 ‘
407 1993 448 2058 Iu
464 1994 569 2076 Trogi
583 1994 734 2076 sequitur
746 1993 770 2060 J
771 1994 875 2059 ustini
890 1992 1076 2079 Epithomu
1091 1992 1264 2058 Libellus?

338 2094 380 2159 In
397 2093 555 2160 Biblioth.
582 2090 672 2159 Tria.
699 2091 782 2158 Coll.
807 2094 881 2161 cod.
905 2098 1106 2173 asservatur,
1129 2096 1198 2179 qui,
1214 2114 1289 2160 curn
1311 2096 1403 2175 aliis,

295 2197 447 2262 continet
473 2196 662 2262 Historiam
690 2196 878 2277 Ptolemaei,
902 2216 979 2284 quar
1003 2197 1134 2264 videtur
1162 2216 1237 2263 esse
1269 2195 1404 2263 lustini

293 2294 522 2366 Abbreviatio.
537 2296 724 2367 Membrau.
738 2318 820 2366 saec.
835 2316 922 2366 xrrr.

701 2469 806 2537 Codes
823 2468 998 2537 Eliocasis.

337 2606 381 2672 In
399 2606 559 2674 Bibliotb.
581 2603 845 2686 Advocatorum,
861 2566 1020 2672 lustinus
1041 2606 1257 2671 Historicus:
1282 2604 1403 2672 Histo-

295 2708 421 2774 riarum
436 2707 705 2792 Philippicarum
716 2727 760 2772 ex
773 2707 884 2793 Trogo
900 2707 1069 2794 Pompeio
1085 2708 1180 2774 Libri
1193 2726 1300 2773 xciv,
1315 2708 1403 2774 cod.
1519 2780 1520 2807 i

296 2809 366 2873 Ms.
379 2809 448 2873 lto.
493 2808 576 2887 Hic,
590 2808 625 2871 ui
635 2808 793 2887 fallimur,
806 2829 893 2874 unus
909 2816 963 2875 est
976 2830 1022 2874 ex
1034 2810 1149 2876 multis
1164 2812 1207 2875 iis
1222 2812 1403 2877 codicibus

296 2929 382 2993 quos
407 2909 542 2992 collegit
565 2909 616 2974 vir
639 2905 731 2994 apud
755 2911 876 2977 Scotos
890 2910 967 2996 jure
992 2912 1232 2993 celeberrimus,
1245 2914 1403 2982 sacobus

296 3011 447 3201 ῗὲἑοηὲ,
458 3011 577 3180 ἕπου
591 3012 634 3077 de
649 3012 825 3080 Kinnaird.
851 3014 1015 3080 Memorio
1038 3015 1265 3097 Ballouriuua,
1279 3016 1402 3082 Edinb.

692 3328 987 3347 Μ

341 3514 396 3581 De
412 3513 599 3582 Codicibus
614 3517 649 3581 in
662 3516 788 3583 exteris
804 3516 1031 3584 Bibliothecis
1045 3519 1229 3586 asservatis
1243 3518 1402 3585 coosulat

296 3619 404 3687 lector
418 3617 581 3687 Gronovii
599 3618 703 3686 Praei.
724 3640 827 3706 supra
840 3642 875 3707 p.
889 3620 922 3687 3.
936 3642 1012 3705 sqq.
