3092 4884
214 450 219 455 .
274 389 365 457 1⁰66
512 398 706 451 ascensus
732 399 945 450 anrrrouuu
969 398 1131 451 rusrrur.

277 553 349 615 relic
361 551 590 616 Victoriaddita
602 552 747 631 Epitonre.
777 551 925 631 Lugduni,
938 571 991 632 ap.¹
1000 551 1068 614 loh.
1081 548 1369 611 &ollonium-(ls-

277 650 332 711 tal.
345 647 425 710 dela
437 648 518 710 Bihl.
531 648 573 708 dn
586 647 655 706 Duc
668 646 706 706 de
720 645 857 707 Vallisre.

318 741 397 815 1569
417 742 588 822 Grypnima
601 758 651 802 rx.
666 750 696 803 s.
710 730 857 819 magduni.
870 742 986 802 &oms
999 760 1036 801 er
1050 753 1129 801 rur.

319 846 397 909 1570
417 837 547 899 Coloniae
558 836 686 917 Agripp.
702 844 732 898 8.
753 831 881 899 -Ὶιιειίιιί
894 857 931 898 ex
952 837 1054 916 Trogo
1076 834 1218 915 Pompeio
1240 833 1371 913 historia,

277 934 447 995 fidelissima
468 932 667 1012 recognitione
689 951 769 993 nunc
792 942 952 1012 postremo,
982 932 1099 995 collatis
1121 932 1158 991 sd
1182 939 1314 993 autorem
1338 944 1371 995 et

277 1030 395 1091 Graecis
408 1037 440 1090 et
452 1028 562 1090 Latinis
581 1027 738 1102 historicis,
752 1026 882 1108 pristine
908 1027 1020 1090 veritati
1037 1027 1189 1089 reditum.
1229 1028 1370 1106 Adjectse

277 1133 349 1187 sunt
360 1133 503 1206 preterea
515 1133 547 1185 et
568 1123 751 1184 Monarchise
763 1124 801 1183 ad
815 1124 927 1185 calcum
950 1124 1015 1184 libri
1038 1123 1137 1202 hujus,
1150 1128 1209 1184 &a
1237 1124 1371 1185 Coloniae

277 1220 465 1303 Agrippiuse,
478 1217 557 1297 apud
571 1219 765 1280 Gualtherum
781 1218 946 1280 Fabricium
958 1227 989 1281 et
1000 1223 1049 1282 lo.
1064 1219 1254 1298 Gymnicuru.

321 1325 399 1385 1⁵72
419 1313 558 1375 londini·
585 1324 616 1377 8.
669 1314 777 1377 Justini
805 1334 842 1375 ex
874 1316 967 1395 Trogi
982 1313 1128 1393 ·Pompeii
1155 1314 1275 1375 historia
1300 1312 1368 1374 lihri

278 1424 397 1475 xann.
417 1427 503 1489 snpra
515 1408 705 1489 plurimorum
715 1409 857 1493 editiones
869 1409 1024 1470 doctorum
1035 1409 1188 1471 hominnm
1201 1427 1291 1489 opera
1305 1428 1371 1469 cas·

278 1505 450 1587 tigatisriari.
477 1505 553 1567 Cum
563 1504 765 1567 eruditissimis
778 1504 925 1567 scholiolis
938 1515 970 1566 et
981 1505 1158 1585 argumentis
1168 1505 1233 1583 Jsm
1245 1504 1372 1583 primum

278 1612 349 1683 apte
362 1621 417 1663 suo
428 1601 494 1663 loco
507 1600 658 1680 dispositis
669 1609 700 1662 et
713 1600 833 1661 insertis.
852 1646 853 1651 1
874 1600 1051 1677 Adjecirnus
1063 1598 1294 1661 monarchiarum
1308 1618 1372 1661 om·

278 1700 359 1759 aium
384 1697 524 1768 tabulam,
547 1716 584 1757 er
610 1696 732 1759 fideliss.
759 1695 996 1775 historiographis
1022 1696 1176 1775 diligenter
1204 1694 1369 1759 collectam.

279 1792 416 1866 londini,
429 1812 484 1873 per
497 1792 658 1855 Hauricum
671 1794 1097 1873 nyssenam-nraggemann
1112 1790 1235 1864 ‘Viam’
1255 1795 1315 1852 tic.
1338 1810 1371 1871 p.

321 1990 399 2054 1578
419 1984 704 2064 Gryphianum.
745 1983 879 2045 lustinus
892 1991 923 2045 et
943 1985 1009 2044 Sex.
1033 1984 1109 2045 Aur.
1130 1983 1242 2057 Victor,
1263 1982 1372 2043 additis

278 2078 351 2139 Elias
362 2078 462 2139 theti
474 2079 504 2139 iu
517 2079 665 2139 Victorem
677 2077 766 2141 notis.
786 2079 921 2158 Lugduni
933 2079 1015 2159 apud
1028 2079 1146 2159 Gryph.

322 2173 402 2242 1576
413 2174 543 2235 Coloniae
548 2174 676 2254 Agripp.
688 2181 717 2235 8.
738 2174 755 2234 J
758 2173 845 2235 ustiui
851 2195 889 2236 ex
894 2174 984 2253 Trogi
993 2174 1128 2254 Pompeii
1136 2172 1270 2235 Historiis
1277 2183 1373 2236 exter·

279 2267 331 2330 uis'
339 2269 420 2331 libri
433 2286 528 2331 xnrv.
541 2271 598 2331 cut
605 2269 768 2348 adjecimus
782 2270 1017 2331 monarchiarum
1032 2271 1162 2331 omnium
1176 2269 1305 2331 tabulam
1333 2290 1371 2330 en

279 2363 457 2427 fidelissimis
466 2364 594 2427 historiis
606 2366 778 2427 collectam:
799 2376 830 2426 et
842 2366 989 2446 epitomen
1010 2366 1090 2426 Sexti
1111 2366 1224 2426 Aurelii
1246 2366 1372 2427 Victoris

279 2458 319 2521 de
331 2461 393 2522 rita
405 2471 436 2523 et
449 2463 580 2523 moribus
593 2462 719 2522 omnium
739 2463 837 2539 lmpp.
852 2462 962 2523 Omnis
974 2480 1043 2520 cum
1057 2460 1191 2533 scholiis,
1205 2459 1371 2539 Argumen-

280 2554 330 2630 tis,
342 2565 373 2618 et
385 2557 490 2620 lodice
503 2579 599 2619 rerum
612 2568 644 2619 et
656 2558 814 2619 verborum
827 2557 1064 2636 locupletissimo.
1093 2556 1224 2618 Coloniae
1239 2556 1370 2636 Agripp.

278 2651 358 2730 apud
372 2653 505 2716 haeredes
519 2654 645 2716 Amoldi
659 2653 974 2715 meermanni-Bion
995 2656 1150 2732 Argentor.

298 2798 302 2805 .
322 2754 400 2818 1577
419 2751 554 2810 Londini.
568 2762 596 2812 8.
616 2750 766 2829 Repetitio
778 2752 827 2809 ed.
844 2760 931 2818 1578.

321 2850 396 2906 1581
407 2842 595 2923 'Antverpise
613 2855 660 2907 12.
673 2862 741 2905 cnm
755 2846 823 2906 Sex.
837 2843 913 2906 Aur.
927 2845 1058 2905 Victore.

486 3078 604 3148 AETAS
624 3080 676 3145 lv.
696 3080 1159 3155 pontianolo-momatur,

718 3240 927 3303 15⁸1-1668.

281 3417 302 3459 a
321 3398 387 3460 lac.
400 3397 570 3477 Bongnrsio,
591 3397 643 3478 qni
667 3398 777 3459 Matth.
796 3400 977 3465 Beraeccsro
997 3402 1035 3463 ad
1051 3405 1159 3467 lustini
1180 3407 1264 3486 praei.
1286 3413 1370 3470 ‘sos-

279 3492 509 3572 pitatorlustini
529 3494 652 3555 unicus'
679 3484 796 3569 dicitur,
812 3506 842 3559 et
864 3500 968 3560 Fraus.
993 3501 1107 3562 Modio.
1133 3503 1187 3564 lllc
1210 3504 1370 3583 quideme

278 3587 407 3667 cujacii,
420 3589 555 3663 Putcaai,
578 3589 702 3669 aliisque
725 3612 776 3653 sex
800 3595 898 3658 Codd.
913 3598 988 3657 Mas.
1001 3597 1153 3677 diligenter
1166 3600 1288 3674 collatis,
1314 3601 1370 3663 ad-

279 3682 374 3744 hibita
385 3684 472 3745 etiam
485 3684 595 3745 Aldina
607 3684 743 3760 Aeniam,
756 3690 904 3769 vulgatam
915 3692 1089 3765 emendavit,
1103 3703 1135 3756 et
1146 3696 1222 3757 notis
1236 3696 1371 3759 doctissi-

279 3779 336 3840 rnis
348 3780 513 3860 tabulisque
525 3774 736 3862 chronologicis
759 3786 929 3867 scriptorem
943 3788 1117 3859 illustraritr
1137 3791 1190 3851 sed
1211 3803 1242 3853 et
1264 3794 1369 3855 latem-

278 3875 393 3951 pestiso
401 3876 576 3938 emendandi
589 3879 690 3940 studio
702 3880 842 3961 abreptus
856 3884 1024 3962 aliquando,
1037 3886 1371 3966 sutcmffmjmice,

279 3965 310 4027 iu
322 3971 409 4049 pejus
423 3980 534 4033 textam
547 3973 728 4036 immutarit:
752 3977 802 4039 hic
815 3996 883 4039 vcro
896 3981 1037 4041 correctis
1051 3983 1224 4045 recensionis
1238 3986 1369 4064 Boagsr·

279 4062 370 4136 sinnas
386 4067 559 4144 quibusdam
579 4071 655 4132 locis
667 4092 704 4133 ex
718 4074 794 4137 Mas.
812 4076 1013 4149 Fuldensihus,
1026 4087 1057 4138 et
1070 4078 1369 4143 animadversionibus

278 4156 398 4235 additis,
411 4162 491 4261 heae⁸
506 4164 544 4226 de
569 4167 683 4229 lustiuo
700 4170 817 4233 meritus
840 4180 892 4235 est.
935 4172 1083 4254 Principes
1107 4176 1159 4236 hos
1183 4174 1252 4239 dein
1274 4179 1371 4241 secuti
