3092 4884
544 356 692 417 rusrrur
718 357 791 407 utu.
815 358 841 405 r.
866 357 948 409 osu.
967 342 1002 406 6.
1258 340 1323 409 681

223 498 346 565 melyro
365 504 407 551 est
417 497 550 559 Morus.
583 498 654 550 Alibi
670 499 755 564 pluro.
794 498 945 562 dicundum
961 497 1000 549 ita
1015 498 1107 550 Italica
1118 498 1150 551 A.
1164 498 1236 550 itit.
1246 513 1323 564 quam

227 578 294 627 Vera.
325 576 432 627 isaacus
442 577 487 625 ille
499 576 574 627 Voss.
590 576 617 625 iu
632 591 684 641 quo
695 575 757 627 mihi
794 583 983 639 recognoverat
1003 575 1134 627 eruditiss.
1158 577 1197 625 vir
1215 576 1323 625 Sabelli·

223 653 355 719 ingenium
374 657 403 701 et
420 640 537 703 do'otrina
555 665 587 701 ex
607 664 682 715 raquo
700 664 757 700 cer·
793 664 849 712 cus,
864 649 951 699 emisit
962 649 1261 715 Augustinliecirarius‚
1273 665 1323 703 uon

224 736 282 779 tare
298 727 431 790 ridentur,
449 726 562 777 OElurem
578 726 680 789 legend.
698 740 756 776 esse
793 726 879 790 rideo,
890 741 936 776 cur
947 727 1119 791 asscriptum
1129 726 1203 792 rejici
1215 726 1323 777 debeata

225 803 352 865 ostendit,
367 816 420 852 non
439 802 570 869 Sylmmr
593 800 621 850 id
640 799 708 867 quod
728 807 757 853 et
792 804 905 853 maxime
913 818 971 852 cnm
980 802 1104 853 itaetiam
1112 804 1235 867 loquatur
1244 802 1325 852 histo·

224 892 315 927 verum
336 884 387 941 est,
408 883 445 941 et,
464 877 490 926 ni
510 878 566 941 ipse
595 882 757 941 occupasset,
793 879 1034 943 uicorumprinceps
1043 878 1214 929 Liriurdiiod.
1237 880 1324 942 Vulgo

226 956 368 1022 potuissem
379 959 408 1003 et
419 968 468 1018 ego
478 953 628 1003 ostendere.
645 952 707 1003 Ful.
793 954 868 1017 editi,
882 956 915 1003 ad
928 959 1027 1019 paratus
1044 955 1154 1018 epulari.
1184 954 1325 1005 Sedresti.

258 1030 451 1095 §thersrpolia
458 1028 603 1095 regreditur]
616 1029 676 1080 Huc
687 1044 756 1094 sape
793 1032 890 1083 tuimur
907 1029 1018 1081 Auctori
1037 1030 1187 1094 lectionem,
1203 1045 1280 1096 qnam
1295 1038 1325 1085 ut

226 1106 333 1159 miratus
344 1120 411 1168 sirm,
427 1105 496 1172 quud
514 1112 542 1155 et
554 1119 623 1155 nunc
634 1104 757 1169 demiror,
793 1108 878 1171 Bong.
889 1114 918 1157 et
926 1106 999 1157 Mod.
1016 1103 1133 1157 fatentur
1152 1106 1180 1157 in
1191 1120 1269 1156 mnan
1279 1120 1324 1157 ex·

226 1184 296 1235 unda
321 1184 411 1235 isthac
439 1182 580 1246 appellatio
602 1180 757 1231 Graecanica
794 1184 874 1235 aratis
895 1184 949 1233 suis
970 1182 1047 1233 codd.
1065 1190 1165 1232 extare.
1200 1182 1244 1233 lta
1260 1182 1324 1237 asu.

182 1294 189 1305 .
228 1260 298 1313 urbis
310 1258 505 1325 antiquissimae,
521 1264 550 1307 et
566 1272 624 1322 qua
640 1257 700 1306 oiim
718 1263 757 1307 to·
794 1260 829 1310 Η.
840 1273 881 1311 rr.
892 1263 917 1310 ι.
928 1263 967 1309 18.
983 1260 1069 1308 ‘Cum
1088 1273 1116 1309 se
1134 1258 1194 1320 cilio
1211 1259 1324 1323 vinoque

227 1336 280 1389 rins
287 1335 403 1387 Orientis
411 1334 483 1397 rrgia
491 1331 547 1383 t'uit.
566 1332 757 1383 AuaBaoelroi
793 1334 1019 1385 letiinritareut!
1039 1334 1266 1399 lmoNosteripse
1273 1348 1325 1391 xrs.

227 1426 260 1463 au
273 1427 291 1462 a
301 1409 415 1461 Perseo?
426 1424 458 1461 an
467 1408 577 1473 denique
586 1408 620 1459 ab
629 1408 757 1461 Hercule?
795 1414 871 1461 lta.
886 1410 962 1462 Bers.

226 1488 341 1539 Somnia.
372 1478 581 1541 Veiiomauteur,
596 1484 699 1545 reliam,
713 1498 756 1533 re·
826 1486 1041 1551 Appurotirepuls's
1054 1486 1154 1553 ιἰιίιιι]
1168 1490 1252 1553 Boug.
1270 1503 1325 1540 urs·

227 1578 284 1613 rum
303 1570 356 1613 tarn
372 1563 450 1613 clarae
465 1560 536 1611 urbis
553 1573 645 1609 nomen
661 1558 757 1609 edidis·
793 1563 843 1613 luit
853 1565 885 1611 od
899 1567 996 1626 parntes
1006 1564 1101 1625 epulum
1113 1563 1196 1615 credo
1214 1564 1283 1629 quod
1298 1564 1325 1615 iu

227 1646 287 1689 seut
298 1644 363 1688 reti.
375 1636 502 1687 historici.
535 1636 611 1696 Nam,
625 1643 671 1685 aut
683 1635 756 1686 valde
794 1636 916 1702 quibusd.
927 1638 994 1688 liius.
1007 1637 1033 1686 id
1045 1638 1196 1701 reperisset.
1220 1640 1325 1690 Monuit

227 1714 316 1777 folior,
334 1720 380 1763 aut
397 1712 512 1763 Graecuii
529 1712 643 1761 homines
661 1726 756 1761 morem
794 1719 882 1763 tamen
892 1713 956 1761 alios
964 1711 1121 1763 codd-Mss.
1130 1718 1159 1763 et
1168 1712 1325 1779 antiquiores

227 1805 302 1841 sunm
313 1791 339 1839 iu
352 1788 480 1841 mutandis
489 1789 603 1838 locorum
612 1788 757 1837 nominibus
794 1788 857 1837 item
867 1788 936 1851 typis
948 1788 1327 1853 expressos,irsberaoppurrnir

228 1868 313 1919 secuti
330 1872 407 1926 sunu
425 1863 494 1930 quod
511 1864 538 1913 in
555 1864 679 1928 exemplis
690 1878 757 1928 pene
793 1866 877 1929 epuiis.
910 1866 1004 1930 Neque
1016 1872 1173 1931 perpetuum
1191 1867 1255 1917 iliud
1272 1876 1325 1930 est,

226 1934 335 1993 innuitis
353 1956 438 2005 nuper
457 1940 644 1991 demonstravit
661 1941 757 1991 iucom-
794 1950 825 1990 ut
835 1941 941 1991 dicatur
956 1942 964 1969 ‘
977 1941 1088 1992 inritare
1103 1940 1136 1991 ad
1151 1942 1270 2007 aliquid,'
1283 1944 1325 1992 rel

227 2016 352 2083 parabilis
374 2013 417 2065 ilie
441 2022 531 2065 noster
561 2015 659 2065 amicus
686 2014 757 2065 Sam.
794 2016 841 2064 ‘in
850 2015 965 2081 aliquid,'
978 2017 1024 2066 sed
1037 2017 1130 2068 dicunt
1140 2018 1218 2069 etiam
1227 2019 1326 2083 simpli·
1402 2025 1410 2036 ⁶

228 2092 351 2163 Bochart.
362 2091 388 2141 in
399 2105 446 2141 suo
457 2088 616 2153 Planum,
627 2090 696 2155 quod
706 2104 756 2155 ego
794 2091 861 2141 citer
872 2091 880 2118 ⁴
890 2092 1002 2151 inritare
1013 2092 1144 2157 aliquem.'
1160 2094 1260 2145 Noster
1271 2106 1323 2145 ιιι.

227 2182 293 2231 opus
304 2168 449 2217 immortale
460 2164 614 2228 futurumst
625 2167 687 2232 quid
699 2182 759 2219 cou-
795 2172 836 2220 lu.
852 2174 877 2219 7.
894 2170 902 2197 ‘
921 2169 1071 2221 instaurata
1090 2172 1278 2222 comessatione
1296 2177 1326 2221 et

223 2244 332 2309 jectum
352 2242 498 2307 raleo,jam
518 2242 621 2307 pridem
641 2256 757 2307 auguror.
795 2246 880 2310 ipsum
898 2252 926 2294 et
943 2245 1046 2296 sodales
1059 2245 1239 2311 ejuciantur?
1272 2244 1326 2297 Hic

229 2318 290 2369 Fut.
795 2322 921 2387 quomodo
932 2321 983 2373 duo
994 2322 1102 2373 ablativi
1114 2324 1325 2388 consequentiam

261 2397 308 2460 §t
325 2394 365 2445 ili
383 2398 506 2445 conuocato
525 2392 622 2459 populo]
639 2394 757 2449 Frontin.
796 2400 962 2463 designantes
981 2402 1185 2465 praemittuntur,
1200 2401 1238 2451 sic
1255 2408 1285 2453 et
1298 2401 1326 2451 iu

229 2485 250 2523 ι.
261 2474 302 2521 ll.
314 2474 354 2520 19.
369 2470 488 2533 Bospara.
521 2469 621 2521 Herod.
634 2484 654 2521 ι.
666 2474 720 2522 125.
730 2479 758 2523 et
796 2478 880 2527 altero
897 2478 943 2528 iilo
961 2476 1058 2528 factum
1079 2479 1163 2530 videri
1175 2486 1279 2544 potest:
1297 2485 1328 2529 ut

228 2562 284 2615 seq.
295 2546 412 2611 Polyaeu.
424 2546 469 2596 tin.
482 2559 542 2597 vrrr.
555 2546 671 2597 Frontlu.
682 2546 758 2597 Bere.
794 2555 918 2619 appas-ctis
934 2554 1009 2618 epulir
1018 2554 1105 2605 irritat
1116 2556 1151 2604 sit
1162 2569 1220 2620 pro,
1236 2555 1328 2620 opulas

262 2624 356 2673 Proeuo
374 2637 428 2671 cunr
445 2620 643 2685 attribuente]
665 2622 757 2673 Malim
795 2622 1059 2694 apparatetinritat.
1092 2631 1327 2696 Velpotestrpulis

230 2713 289 2749 cum
299 2700 366 2749 Mas.
378 2698 451 2759 meis,
464 2712 490 2761 p.
501 2713 523 2747 c.
537 2711 558 2748 ι.
572 2698 661 2759 odoror,
678 2704 706 2747 et
720 2697 758 2747 siu
796 2720 843 2769 pro
861 2720 920 2755 ωῃ
941 2705 1019 2755 terrio
1035 2705 1142 2755 iuberi:
1159 2720 1213 2771 qus
1225 2707 1326 2760 mium
1345 2762 1348 2768 Ι

230 2776 308 2827 adare
319 2776 416 2837 malim,
431 2789 508 2840 quarn
526 2776 654 2840 quomodo
673 2774 759 2826 hacte-
795 2779 888 2831 dicunt
909 2782 917 2809 ‘
937 2780 1051 2830 inritare
1072 2780 1184 2847 aliquam
1206 2789 1279 2834 tecto
1298 2792 1327 2833 et

229 2866 278 2903 nos
291 2850 480 2913 circumfertur,
495 2866 520 2914 p.
537 2866 559 2901 c.
577 2865 595 2900 ι.
616 2865 674 2902 csse.
707 2851 758 2901 Sed
787 2856 889 2919 ·domo‚'
909 2856 1180 2921 ‘invitarem-pitia
1195 2858 1326 2910 ‘inritare

229 2929 357 2981 minutum
369 2929 427 2979 hoc.
444 2929 513 2979 Mod.
544 2927 633 2977 Adesse
644 2928 759 2979 restituit
796 2931 912 2999 poculis!
933 2932 988 2983 Vsr.

231 3020 247 3055 ι
268 3006 332 3056 Μιι.
354 3004 407 3055 suis
425 3003 501 3057 utcu.
523 3002 609 3055 Antea
629 3002 679 3055 tuit
700 3018 757 3055 csse.
828 3009 960 3073 Appsrutis
976 3007 1062 3072 epulis]
1087 3008 1238 3059 lectionem
1260 3010 1327 3062 hane

232 3080 388 3131 Berueccer.
421 3078 531 3145 Antiqq.
547 3078 612 3129 Edd.
635 3094 692 3129 rrae.
724 3081 760 3131 Et
796 3086 890 3137 asserit
904 3099 1008 3150 quoque
1022 3098 1098 3148 quam
1110 3099 1181 3148 sepe
1192 3085 1327 3136 laudamus

230 3154 439 3207 retinuitendem
450 3155 534 3219 Boug.
560 3154 760 3219 AtMud.quod
796 3161 871 3212 ιΙιιιιι.
895 3160 938 3209 ed.
980 3160 1077 3210 Nescio
1107 3167 1194 3211 autem
1217 3175 1266 3210 cur
1284 3161 1328 3214 liis

230 3230 257 3281 lu
268 3229 389 3295 quibusd.
399 3230 466 3279 Μιι.
477 3230 575 3295 reperit
585 3230 672 3291 adesse,
683 3237 710 3279 ct
721 3245 760 3279 se·
797 3238 885 3286 voret.
897 3235 1016 3285 tricetnr.
1048 3234 1196 3285 ‘Inritare’
1215 3236 1257 3286 iric
1275 3250 1328 3287 noa

231 3314 306 3367 cutus
324 3322 383 3357 eum
402 3306 527 3357 Bernecc.
541 3307 711 3371 compositum
726 3308 761 3357 is·
798 3318 848 3372 cst,
866 3324 959 3361 vocare
970 3308 1003 3357 ad
1015 3309 1115 3372 epulas,
1129 3316 1159 3359 ιιι
1177 3308 1217 3364 rir
1235 3309 1328 3361 doctus

232 3383 279 3435 tud
291 3397 339 3447 pro
355 3381 467 3447 simplici
486 3382 643 3432 rescribenti.
656 3398 761 3435 censue·
798 3394 826 3437 et
845 3386 889 3437 alii
911 3384 1070 3445 existimant,
1085 3383 1145 3447 sed,
1161 3385 1223 3436 rino
1234 3383 1328 3449 epulis·

232 3468 302 3513 runt.
335 3460 419 3511 Nobis
441 3460 549 3523 simplex
569 3461 667 3510 rectius
691 3462 760 3514 uidc-
798 3476 849 3529 qne
879 3460 1023 3510 liberaliter
1054 3460 1171 3523 hospites
1199 3460 1329 3524 accipere.

233 3545 292 3599 tur;
309 3536 390 3602 qula‘
404 3534 513 3599 prusto'
525 3536 666 3586 antecedit.
681 3536 760 3586 Vorst.
798 3536 866 3586 Cas.
880 3550 900 3586 r.
912 3535 944 3586 B.
955 3535 986 3587 C.
997 3538 1039 3583 lt.
1055 3533 1063 3562 ⁴
1077 3533 1186 3583 interim
1206 3535 1250 3584 aiii
1269 3548 1329 3585 suos

232 3615 294 3664 Esse
304 3611 546 3666 JnntiuaetOsou.
558 3612 651 3661 exuis.
663 3612 760 3663 asserit.
798 3611 823 3659 iu
836 3617 922 3661 castra
931 3609 1061 3669 invitandi
1080 3624 1171 3660 causas
1187 3609 1331 3672 adducunt,

235 3691 319 3741 Gran.
798 3682 1143 3737 aliiabsuisadducuutur.'
1175 3684 1329 3736 ‘inuitandi

265 3768 307 3831 §6
325 3764 425 3815 Postero
436 3764 475 3812 dir
484 3764 516 3812 cd
527 3767 626 3826 purutur
636 3764 761 3826 epularis·
798 3766 901 3811 caussa'
916 3767 966 3825 ast,
977 3767 1007 3811 ut
1019 3758 1130 3823 benigno
1141 3773 1186 3809 eos
1196 3758 1331 3823 excipiant

231 3842 304 3905 sum]
315 3840 381 3891 Cum
393 3848 421 3889 et
429 3840 512 3903 Boug.
520 3837 635 3889 fateatur
645 3838 672 3889 in
684 3853 763 3889 manu
799 3836 942 3900 amiceque.
975 3836 1032 3883 Lir.
1049 3848 1071 3883 r.
1089 3838 1116 3883 ι.
1131 3834 1260 3885 ‘inritati
1271 3834 1330 3884 isos·

232 3917 348 3969 exaratis
359 3916 411 3965 suis
422 3904 505 3966 Co‘dd.
518 3924 632 3977 exstare,
646 3930 672 3978 p.
681 3917 705 3964 d.
720 3930 762 3979 op·
798 3910 916 3975 pitelitcr
927 3923 975 3973 per
987 3907 1076 3957 domos
1093 3921 1151 3957 cunr
1168 3907 1255 3970 situm,
1267 3923 1331 3958 mre·

229 3992 438 4060 paratmeprrliss'.
455 3998 484 4041 ιι
495 3990 532 4042 ita
542 3991 623 4041 nostri
636 3990 762 4041 membra·
799 3984 892 4049 uiaque
911 3990 939 4032 et
957 3981 1121 4047 frequentem
1141 3983 1219 4033 tectis
1238 3983 1330 4034 urbem

232 4068 309 4121 nacci
335 4067 395 4117 iibri
415 4066 507 4130 scripti
528 4067 697 4131 antiquissimi
718 4066 763 4115 inr-
800 4060 942 4124 vidissent}
966 4060 992 4109 ir.
1015 4073 1039 4110 e.
1063 4061 1135 4110 laute
1164 4066 1193 4110 ct
1219 4061 1329 4113 comiter

232 4142 763 4209 beatitudcmtaudrianaBasileon·
801 4137 918 4189 tractati.
950 4136 1021 4187 ilinc
1042 4143 1071 4187 et
1091 4136 1136 4201 qui
1149 4136 1330 4188 libenterucs·

234 4224 279 4286 sis,
297 4222 341 4273 cui
364 4218 469 4287 prefuit
488 4220 528 4269 vir
548 4218 652 4277 doctiss.
668 4220 762 4272 Joauu.
801 4224 903 4283 cuntur,
919 4223 946 4267 ct
957 4214 1054 4290 largius
1065 4213 1167 4278 bibunt,
1182 4228 1207 4263 se
1221 4213 1284 4277 ipsos
1294 4212 1330 4261 iu·
