3092 4884
233 382 299 449 utu
581 400 687 451 norm
710 398 912 465 vsnronrnr
936 398 976 449 tn

237 541 344 592 somno!
375 539 764 606 Estquimsciorideodsruust,
802 539 941 590 doloremi'
974 538 1008 589 ld
1024 536 1094 604 qood
1108 536 1249 604 opponitur
1264 550 1333 604 prs>

236 631 295 667 cnm
306 617 363 681 jam
376 616 452 666 modu
463 616 501 665 bis
512 617 545 666 de
556 616 685 666 ebrietate
698 630 764 681 prm·
802 615 907 666 cedenti
930 612 1081 665 ‘effundere
1100 614 1233 677 dolorem,'
1263 618 1290 667 Ιι.
1307 630 1333 667 e·

236 697 354 746 cesserit.
386 695 438 744 Sed
461 695 530 743 nulls
550 693 592 743 hic
615 691 765 755 tautologia,
802 694 1333 761 noamusuotornu‚aeupmterre,pro·

232 771 301 835 quod
315 785 346 821 ea
354 786 404 821 rox
414 779 556 833 stuporem,
565 767 686 819 effectum
695 766 765 817 ebri·
802 768 907 831 ducere,
922 783 1032 835 cumque
1050 776 1202 821 convertere
1217 771 1246 820 in
1264 772 1332 822 sots-

233 849 311 897 etatis
323 849 419 911 potius,
431 862 506 911 quarn
519 846 610 909 ipsam,
626 843 763 907 designare
803 844 956 905 tium,relut
966 858 1071 909 scopum
1082 845 1201 910 aliquem,
1207 846 1333 911 quemod-

231 919 764 985 videntur3iodeductametaphnra,quod
802 920 905 970 mudum
924 934 1012 971 ereum
1031 920 1166 970 intendere
1184 921 1211 970 iu
1230 921 1331 987 sliqoid

233 1000 370 1051 admodum
383 1000 446 1051 ebrii
458 1005 544 1049 mente
555 998 592 1047 sic
609 998 763 1057 alienentur,
802 994 919 1046 dicimur.
930 995 1011 1057 Sedet.
1032 995 1188 1046 ‘Intendere
1198 995 1331 1047 dolorem’

232 1080 262 1124 ut
274 1074 333 1123 nihil
344 1074 468 1135 sentiant,
482 1080 559 1137 prout
582 1074 666 1123 rotent
682 1072 764 1136 grani·
801 1076 853 1133 est,
879 1085 984 1135 rupere,
1001 1079 1032 1121 ot
1050 1070 1203 1121 ‘intendere
1221 1072 1331 1135 rocem,’

235 1158 277 1201 ter
294 1150 385 1201 saucii.
431 1150 494 1199 Pari
516 1148 571 1198 iera
594 1148 763 1197 translatione
801 1146 1118 1210 ί1ἰιιςιιιιιι,’ιιρ.’1“ιι11ἰιιιιι.
1127 1146 1333 1198 ‘Intenderado-

231 1224 400 1277 Archilochus
420 1240 463 1289 sp.
489 1224 641 1274 rithenaeum
662 1236 719 1273 xtv.
737 1226 760 1271 n.
800 1219 1066 1282 loreminsolatinm,'
1084 1228 1134 1284 est,
1143 1221 1331 1275 acrimdolere
1356 1237 1359 1242 ’

233 1316 269 1352 m.
297 1302 361 1362 otro,
377 1299 573 1365 συγκεραυνωθεὶς
597 1297 691 1363 φρένας,
708 1298 762 1348 nino
800 1298 959 1348 utrotstiom
976 1299 1074 1361 capion.
1107 1298 1175 1349 Haec
1196 1313 1257 1348 rcro
1274 1299 1332 1349 bel-

234 1383 334 1427 montem
345 1379 470 1428 annuitur.
504 1377 623 1426 Necalis
641 1376 763 1425 decanea
800 1371 886 1422 butico
902 1373 1060 1424 estdnst'toc
1075 1379 1105 1423 et
1121 1373 1331 1441 Trogoiudigos.

233 1452 322 1501 Plaut.
341 1452 428 1502 Aulul.
445 1466 490 1503 ru.
509 1457 533 1502 6.
555 1456 595 1502 tn.
611 1451 762 1514 ‘deponere
800 1449 883 1499 Recte
901 1449 1018 1499 Freiuah.
1040 1449 1115 1505 uidit.
1133 1450 1255 1513 animum,
1269 1465 1330 1501 eran

194 1548 203 1563 ·
231 1526 306 1577 riuo'
321 1525 398 1590 dixit,
411 1542 487 1591 quam
499 1526 566 1592 quod
584 1526 650 1576 ebrii
661 1539 710 1575 non
722 1539 761 1576 ae·
798 1524 963 1588 intelligenti.
980 1532 1009 1574 ut
1020 1524 1080 1575 alibi
1092 1540 1195 1589 qnoque
1205 1526 1271 1577 ltsnc
1284 1542 1330 1576 ro·

231 1616 277 1651 cus
288 1599 431 1651 efferentur
442 1616 472 1653 ac
484 1602 511 1662 ii,
523 1602 565 1667 qui
578 1602 634 1666 jam
651 1602 761 1651 animam
799 1614 857 1651 cem
868 1600 943 1650 sddit
957 1600 1017 1651 huic
1036 1602 1127 1665 verbo,
1144 1602 1205 1652 alibi
1222 1602 1330 1665 omittit.

231 1674 360 1727 efflarunt.
394 1679 472 1727 Certe
492 1678 622 1727 ‘raucius'
644 1677 761 1727 absolute
798 1675 895 1727 lustin.
912 1676 1068 1727 ‘Intendere
1086 1679 1197 1729 animum
1208 1679 1236 1729 in
1250 1680 1329 1730 ultio·

230 1753 278 1803 hoc
290 1753 434 1817 significatu
445 1755 556 1803 sumitur
573 1754 650 1804 etiam
663 1768 679 1801 a
690 1754 761 1815 Man
798 1753 838 1802 uir
859 1752 968 1815 soletis,'
989 1761 1039 1815 est,
1057 1755 1173 1818 cogitnre
1191 1756 1276 1805 acrius
1293 1756 1330 1805 de

232 1828 296 1878 tisle
314 1843 358 1878 ιιι.
377 1833 418 1879 na.
442 1829 521 1892 Apul.
538 1842 586 1880 ott.
602 1830 640 1878 M.
659 1830 759 1878 Berneo.
798 1828 891 1878 rotatio
906 1828 1002 1879 doloris
1020 1831 1149 1893 capiendo
1167 1832 1328 1883 exuitione.

230 1904 322 1954 videri
334 1911 421 1967 posset
442 1904 546 1954 dicend.
565 1920 621 1955 erte
637 1904 691 1954 rino
706 1920 760 1953 sorr-
800 1904 881 1955 Gran.

229 1981 295 2037 ciust
311 1993 359 2030 uec
372 1980 397 2028 id
412 1980 508 2042 primus
518 1994 620 2030 moneo.
637 1981 715 2029 Certe
723 1981 761 2029 ita
829 1979 887 2041 §ln
905 1981 995 2043 Cyrum
1011 1984 1044 2031 od
1059 1983 1263 2047 minema
1271 1999 1328 2048 per·

230 2055 330 2105 locutus
342 2062 383 2105 eat
398 2055 495 2106 Juntn.
509 2069 586 2107 xxrv.
595 2061 620 2105 8.
636 2056 760 2106 ‘Hester-
798 2054 881 2117 duxit]
906 2055 1016 2119 Optime
1033 2058 1123 2109 Juotre
1138 2060 1269 2123 producim-
1284 2067 1329 2111 ert

230 2146 263 2182 no
276 2134 454 2185 merosaucii!
473 2134 560 2183 Foler.
593 2132 760 2199 Antiquiores
798 2130 865 2180 euim
889 2132 1022 2195 propriam
1043 2134 1149 2184 verbnm
1170 2135 1197 2183 iu
1218 2137 1269 2186 lrac
1287 2150 1328 2187 re.

232 2207 304 2269 typis
327 2208 442 2271 expressi
467 2208 563 2259 habeut
589 2225 689 2259 securos.
724 2210 760 2260 At
799 2204 864 2255 ees.
884 2220 934 2255 vu.
952 2208 986 2257 B.
1007 2208 1041 2259 G.
1066 2210 1149 2261 ‘Cum
1167 2208 1231 2274 iuga
1249 2212 1329 2261 selre-

231 2282 315 2345 Bong.
337 2298 352 2333 e
371 2285 435 2333 Mas.
458 2286 574 2337 restitnit
591 2288 690 2335 sursise.
724 2287 760 2336 Et
798 2282 878 2331 menti
896 2282 1054 2333 Volusenum
1072 2285 1173 2348 lougius
1189 2286 1327 2349 produxis-

230 2360 307 2409 credo
320 2358 460 2410 Auctorem
473 2361 623 2411 itoomoiuu
635 2362 759 2421 voluisse3
797 2358 855 2409 set!
887 2358 928 2411 ld.
945 2374 990 2410 111.
1009 2362 1041 2411 Β.
1060 2362 1091 2411 C.
1110 2363 1228 2413 ‘Elicuit
1244 2378 1325 2415 narce

230 2435 299 2499 quod
322 2436 422 2486 videam
442 2438 486 2487 inf.
510 2450 589 2487 xxiv.
607 2442 631 2488 8.
651 2442 675 2487 l.
703 2438 760 2501 peri
798 2435 934 2497 Caelianus,
955 2442 1035 2500 atque
1053 2451 1087 2485 cx
1103 2437 1327 2503 lrirlougioaprn·

229 2510 305 2559 modo
316 2526 374 2561 eum
384 2512 517 2575 scripsisse
529 2515 537 2541 ‘
548 2513 679 2563 Hesterno
688 2528 760 2565 mero
797 2508 902 2560 ductam
918 2524 996 2560 untur
1006 2513 1215 2577 quinqueremem
1232 2523 1261 2566 ct
1278 2517 1327 2567 uri·

229 2587 307 2635 saucii
317 2586 335 2647 ;'
358 2597 387 2638 et
408 2588 555 2638 Martialem
579 2589 640 2647 item
658 2602 701 2638 ιιι.
720 2594 760 2639 68.
797 2586 947 2635 rotondum
959 2587 985 2635 in
1001 2589 1125 2650 augustiis
1135 2590 1325 2655 portuscrpit'

229 2670 309 2727 atquc
321 2660 460 2726 Apuleium
474 2664 519 2713 lib.
527 2678 577 2711 vu.
587 2663 644 2713 ead.
656 2665 759 2715 notione
798 2662 860 2711 Non
866 2662 951 2725 potuit
960 2663 1069 2713 inveniri
1077 2680 1128 2713 vox
1137 2666 1222 2729 aptior
1228 2674 1256 2716 et
1264 2666 1325 2719 iaie

235 2736 361 2787 vocabulo
373 2754 431 2791 risos
442 2754 508 2791 esse.
529 2740 607 2789 νοω.
797 2737 815 2785 i.
826 2739 1053 2801 accommodatior,
1062 2755 1138 2804 qnam
1147 2754 1204 2805 quse
1213 2742 1239 2790 iu
1247 2742 1324 2793 duat.

261 2815 303 2876 §9
322 2815 355 2862 Et
372 2817 431 2877 quod
447 2815 547 2877 grooim
564 2816 699 2879 dolendam]
725 2817 759 2865 Et
796 2812 901 2875 legitor,
920 2814 1122 2877 cujusvimcunt
1133 2816 1324 2881 nonintellipe·

229 2906 253 2952 p.
272 2904 300 2951 g.
318 2890 417 2952 domet,
441 2892 536 2954 legitur
557 2892 583 2939 iu
604 2893 689 2941 altero
707 2894 759 2941 Μι,
797 2892 855 2935 tent
877 2901 948 2953 teqq.
970 2887 1095 2953 editores,
1112 2889 1139 2937 id
1155 2890 1324 2942 immutarunt

228 2965 303 3012 Voss.
321 2964 424 3018 Gmsss.
457 2960 758 3031 ordn.est.stq.g,
797 2956 1175 3027 innotius',utpioromqaelit.
1203 2966 1324 3030 interpo-

227 3040 307 3088 dolel:
326 3040 415 3103 probe.
435 3040 516 3091 Graeo.
556 3026 673 3105 Angites
691 3058 715 3105 q.
731 3058 757 3105 g.
795 3036 920 3088 lotionem
932 3040 1000 3089 caim
1012 3041 1323 3105 praecipuncaosrsigno·

230 3114 302 3163 dolel.
336 3114 429 3165 Placet
440 3116 584 3178 admodum,
604 3116 758 3183 videturque
795 3114 877 3165 rantis
898 3117 992 3179 prisce
1011 3118 1157 3180 elegantia».
1190 3119 1261 3169 Hinc
1283 3134 1323 3170 re-

229 3188 392 3252 repudiatum
404 3191 436 3240 ob
447 3191 540 3256 hirqui
559 3184 610 3243 ¹huc
622 3206 703 3257 genus
715 3208 758 3243 oe-
795 3192 924 3241 centioras
936 3200 980 3242 snt
999 3192 1175 3256 descriptores
1184 3201 1230 3244 aut
1240 3195 1324 3245 edito·

227 3264 691 3333 sciebantretustioribnsreceptum.
708 3268 758 3319 Ar·
795 3278 837 3315 rea
861 3268 1070 3331 exquisitioribue
1095 3276 1123 3318 et
1144 3284 1233 3332 parum
1255 3271 1323 3321 tritis

228 3338 266 3387 ria
278 3355 320 3404 ap.
339 3340 406 3389 Ptin.
425 3356 467 3391 ru.
488 3344 570 3407 Epist.
581 3349 620 3394 ιο,
639 3353 698 3409 post
715 3361 759 3397 ιχ.
795 3350 985 3404 rupporueruot
995 3344 1140 3406 vulgatium
1150 3344 1276 3394 voeabula
1294 3352 1323 3397 et

226 3419 340 3463 tractum
352 3430 367 3463 e
379 3424 484 3479 pectore
496 3432 548 3478 stro„
559 3420 709 3484 pugionem,
724 3420 757 3471 nd
794 3415 948 3467 locutiones.
980 3418 1049 3467 Nem
1069 3418 1137 3482 qoud
1156 3420 1229 3469 siunt
1244 3422 1323 3483 ‘pro-

227 3490 364 3539 meritum:
391 3492 485 3542 ‘Paete
509 3508 559 3543 nou
586 3495 675 3547 dolet!
723 3499 758 3547 Et
794 3489 906 3540 ‘lucere'
921 3506 989 3554 ⁹⁸⁸⁰,
1007 3508 1084 3558 il⁰f¹⁰
1101 3494 1205 3556 ducerer
1223 3495 1324 3544 lerini·

227 3564 355 3615 Martialis
364 3580 417 3615 rem
426 3569 758 3621 eandmemorausr‘vui-
793 3582 864 3617 mutu
884 3575 934 3619 ett-
967 3569 1010 3619 Au
1028 3571 1146 3636 vernoni
1157 3570 1184 3619 in
1204 3571 1323 3621 frendent

227 3655 286 3704 uus,
296 3642 363 3707 quod
374 3642 433 3705 feci,
442 3658 491 3693 nou
504 3644 593 3695 dolet!
610 3646 691 3707 Sedet.
794 3644 905 3707 pellicit,
915 3644 1033 3695 cedendo
1043 3644 1227 3711 fugiendoque,
1236 3646 1323 3697 donec

260 3716 291 3764 In
303 3717 490 3767 uitiosirsolutr'o
499 3720 613 3782 intendit]
642 3719 684 3770 Ad
700 3723 757 3773 ιἰιι·
794 3721 964 3783 perveniatiu
977 3722 1062 3771 locum
1082 3721 1126 3772 olri
1144 3722 1243 3771 iusidias
1260 3732 1322 3773 sunt

229 3791 327 3841 tendit'
346 3793 463 3843 Freinsh.
472 3795 604 3844 subaudiri
615 3797 756 3859 uuit,meu·
794 3802 910 3861 structae,
918 3810 950 3846 eu
958 3811 1010 3846 noo
1021 3798 1043 3847 ir
1052 3805 1252 3862 persequentem
1263 3814 1323 3863 por·

227 3872 291 3929 tem,
302 3874 330 3916 ut
341 3882 374 3916 ex
388 3868 445 3917 Iud.
457 3883 531 3934 quem
543 3871 569 3919 iu
580 3870 647 3920 lmuc
657 3871 756 3923 Aucto·
794 3871 916 3937 reducit,
932 3872 958 3921 h.
971 3887 994 3923 e.
1005 3887 1038 3922 eo
1055 3873 1186 3937 producit,
1206 3890 1256 3940 quo
1272 3876 1323 3927 scit

228 3941 417 4006 remcoufecit,
433 3951 553 4009 apparet.
585 3946 651 3995 Mihi
670 3955 755 3999 nutem
793 3961 851 3997 esse
874 3949 918 4013 qui
937 3949 964 3997 iu
983 3948 1082 3998 insidiis
1102 3957 1162 3999 aunt
1183 3952 1322 4001 collocati?
1357 3995 1362 4004 .

226 4016 272 4066 iri
290 4019 366 4067 muci
383 4020 518 4083 repetenti.
538 4020 643 4072 ridetur
668 4023 756 4073 ‘dolo
795 4022 877 4074 Groeo.
899 4025 1022 4074 Testetur
1034 4024 1323 4078 conuenientium

227 4090 299 4141 rem!
321 4092 401 4143 Vorst.
435 4094 517 4143 Recte
535 4095 622 4146 Vorst.
643 4097 683 4147 irie
694 4112 755 4161 neo,
793 4099 1026 4163 tauerepntaett:
1042 4102 1112 4166 quod
1120 4104 1229 4155 mirifice
1240 4107 1322 4155 etmi-

227 4164 348 4228 aoimum,
375 4168 544 4222 subaudieud.
570 4172 609 4224 ait
633 4172 660 4222 in
676 4174 755 4224 verbo
792 4176 818 4225 iri
831 4176 926 4240 placet.
959 4178 1028 4227 Seue
1043 4179 1077 4228 sd
1094 4178 1120 4229 lr.
1138 4180 1241 4231 modum
1252 4183 1320 4233 Cas.

226 4242 372 4306 ‘intendit'
390 4244 574 4298 sedrelerend.
592 4249 625 4300 ed
637 4251 756 4314 superius
795 4263 847 4299 ιιι.
870 4252 902 4300 Β.
918 4250 951 4303 (i.
972 4252 1050 4303 Vorrt.
1095 4255 1188 4305 Maliet
1202 4258 1241 4306 rir
1260 4257 1323 4309 doc·

226 4318 378 4369 ‘dolorem'
410 4321 463 4371 Sed
474 4322 533 4388 quid
546 4330 587 4375 ast
603 4325 755 4377 ‘intendere
794 4327 850 4377 tiss.
869 4333 974 4380 secutus
988 4328 1082 4381 Juutss
1102 4331 1189 4395 legere
1197 4335 1321 4397 produxit.
