3092 4884
260 695 263 702 ⁸
421 753 699 833 ascensus
732 753 994 833 conicum
1029 754 1149 835 mss

637 992 929 1075 JUSTINI,

312 1238 378 1293 (1111
399 1235 440 1289 IN
456 1235 712 1289 Bmumulscls
726 1234 964 1287 samosateus
984 1232 1250 1287 ABSERVANTUR.

512 1711 638 1779 codiee
656 1712 692 1777 in
717 1708 828 1777 Museo
858 1708 1055 1778 Britannico.

273 1849 319 1913 In
336 1848 493 1926 Bibliotb.
510 1849 592 1937 neg.
616 1851 660 1916 15
678 1848 722 1913 A.
738 1865 826 1913 xm.
859 1845 985 1913 Justini
1004 1844 1092 1929 Epit.
1112 1844 1212 1929 mogi
1228 1844 1329 1910 Pom·

229 1952 309 2035 peii.
325 1952 410 2019 God.
425 1955 606 2019 membran.
620 1971 701 2017 suec.
718 1968 783 2016 κν.
806 1950 995 2034 Praeligitur
1012 1948 1120 2014 codici
1140 1947 1235 2013 utilis
1259 1967 1329 2013 om-

228 2054 322 2117 nium
334 2053 506 2119 Librorum
522 2070 631 2119 xum.
646 2054 809 2136 syllabus.

270 2156 315 2220 15
329 2155 368 2219 C·
382 2173 405 2221 1.
420 2158 497 2221 cod.
509 2157 721 2236 chartaceus,
735 2158 806 2222 «lto.
822 2177 881 2241 pp.
890 2157 944 2221 80.
956 2156 1012 2221 cui
1031 2157 1168 2221 titulus:
1191 2154 1232 2219 In
1243 2154 1330 2220 'l'ro-

226 2276 306 2339 gum
316 2256 520 2340 Pompeium
532 2258 605 2323 sive
615 2258 784 2325 lustinum
797 2258 1051 2343 chorograpbia
1061 2260 1104 2323 ad
1115 2258 1328 2323 excellentis·

226 2360 347 2425 simum
368 2368 404 2425 et
422 2361 685 2427 illustrissimum
706 2361 887 2428 Dominum
913 2361 957 2425 D.
985 2360 1178 2426 Eduardum
1201 2358 1328 2425 Waliae

226 2461 437 2547 Principem:
460 2482 492 2529 a.
517 2463 613 2530 1546.
657 2462 805 2529 Auctore
828 2462 930 2527 Petro
956 2461 1106 2527 Olivario
1132 2450 1326 2526 Valentino.

225 2562 321 2630 Huic
336 2564 522 2649 subjicitur,
536 2573 576 2631 ut
590 2564 691 2631 etiam
710 2564 831 2649 puerili
854 2564 945 2629 aetati
960 2571 1053 2649 apta,
1067 2562 1186 2627 similis
1202 2563 1327 2655 Choro-

223 2668 364 2752 grapbia
376 2668 411 2732 in
427 2668 602 2752 Epistulas
616 2667 814 2733 Familiares
828 2664 1022 2733 Ciceronis:
1039 2687 1070 2731 a.
1084 2666 1182 2731 1546.

268 2768 310 2832 ln
344 2766 493 2833 Bibliotb.
517 2766 615 2835 Harl.
642 2768 690 2833 N.
713 2768 811 2834 5076.
833 2769 911 2834 cod.
929 2770 1073 2835 chartac.
1096 2768 1235 2849 Justini,
1250 2788 1327 2834 cum

223 2870 300 2935 aliis
316 2870 480 2936 Historiis
494 2877 527 2935 et
543 2869 769 2949 Orationibus,
785 2890 863 2937 saec.
889 2888 953 2936 su.
977 2872 1012 2936 in
1036 2872 1141 2937 Italia
1160 2872 1328 2957 scriptus:

222 2971 325 3037 babet
336 2973 392 3037 hic
405 2979 442 3037 et
453 2971 533 3037 indo
546 2974 677 3039 indices
688 2975 897 3057 marginales

265 3074 313 3141 N.
342 3075 439 3140 5270.
462 3073 539 3141 cod.
564 3076 745 3140 membran.
772 3073 912 3153 tustini,
931 3094 1010 3141 saec.
1038 3092 1101 3140 xv.
1122 3076 1265 3141 illumin.
1291 3082 1331 3140 et·

221 3178 384 3262 eleganter
397 3179 546 3262 scriptus
569 3177 691 3243 Italico
705 3179 906 3244 charactere.
952 3179 1031 3245 Sine
1045 3180 1149 3263 gloss.
1164 3186 1200 3243 et
1212 3177 1325 3243 indice

220 3281 406 3365 marginali.
742 3358 745 3361 ⁴

263 3382 335 3450 Alii
354 3392 435 3450 sunt
460 3384 594 3450 codices
613 3384 698 3448 inter
716 3382 813 3448 Harl.
836 3384 1015 3450 membran.
1037 3390 1071 3448 et
1093 3383 1237 3449 chartac.
1254 3382 1323 3448 ele-

220 3492 347 3570 gantes,
375 3508 484 3572 usqne
506 3487 550 3554 ad
572 3488 686 3552 decem
708 3506 865 3551 numero:
888 3504 1018 3570 nempe,
1044 3484 1091 3551 N.
1108 3486 1206 3551 2487.
1223 3486 1321 3552 2657.

115 3628 129 3655 .
218 3590 317 3655 2705.
337 3590 438 3656 2718.
452 3591 550 3656 2740.
564 3590 663 3656 2762.
678 3590 776 3657 4099.
790 3588 889 3655 4822.
903 3590 1000 3655 4922.
1015 3588 1114 3654 5292.

262 3690 353 3757 Inter
366 3688 563 3755 Burneianus
578 3690 624 3755 N.
635 3691 712 3757 329.
728 3692 806 3758 cod.
820 3700 872 3757 est
885 3692 908 3757 J
911 3691 1015 3757 ustini
1034 3690 1180 3756 chartac.
1192 3689 1251 3754 fol.
1261 3711 1321 3773 pp.

218 3792 293 3857 128.
304 3795 477 3861 nonnullis
492 3795 663 3859 sententiis
685 3796 819 3861 collatis
831 3815 907 3861 cum
926 3794 1073 3860 editione
1088 3793 1172 3858 Abr.
1188 3791 1322 3858 Grono-

217 3896 265 3961 vii
280 3916 356 3981 quae
369 3897 474 3981 bugd.
496 3897 574 3962 Bat.
589 3897 679 3962 edita
693 3898 757 3962 luit
770 3898 869 3963 1760.

258 3996 332 4062 Alii
350 4007 479 4084 septem
503 4001 603 4067 codd.
626 3999 756 4066 Justini
776 3999 835 4072 ¹bic
862 4008 1087 4077 asservantur,
1112 3998 1261 4064 chartac.
1286 4003 1321 4062 ct

214 4102 392 4169 membran.
405 4121 519 4167 omnes
532 4104 687 4169 similiter
699 4103 859 4169 babentes
871 4121 1001 4187 paucas
1010 4120 1107 4186 pagg.
1122 4099 1262 4166 collatas
1276 4096 1320 4163 ad

214 4206 266 4271 ed.
283 4203 544 4270 Gronoriauam.
