3092 4884
236 408 300 473 628
581 422 689 472 noun
712 420 915 492 usurpauit
941 421 982 469 ru

234 566 323 615 Faber.
355 566 430 617 Junt.
448 570 520 615 reete
539 564 623 629 Spuco.
665 562 765 614 Herod.
805 563 952 623 cecidisset,
978 577 995 610 a
1021 558 1176 625 parentibus
1196 564 1339 623 puerorum

236 642 321 692 trud
340 655 360 691 1.
380 646 437 693 11⁰.
474 642 556 691 (ἴτων.
602 639 764 691 Crediderim
804 641 909 703 querela
928 643 968 686 est
987 636 1043 699 regi
1062 634 1168 685 delata!
1209 634 1278 685 Hrec
1297 637 1339 685 itt

235 719 338 781 legend.
360 733 415 769 esse
444 731 496 767 nou
518 718 613 781 §pacm
638 716 684 766 sed
704 714 764 778 Spu·
803 722 864 763 runt
881 712 1048 775 accipianda:
1065 726 1125 761 mex
1147 710 1338 773 aparentibus

235 809 261 843 m
269 810 280 852 ;
296 792 421 856 quomedo
433 793 474 843 ed.
486 794 561 844 Junt.
577 792 673 842 babere
686 798 764 840 testa·
803 803 942 853 puerorum
962 788 1093 851 quereiam
1111 800 1169 838 esse
1187 785 1244 848 regi
1263 785 1338 837 dela·

235 875 280 919 tur
291 868 422 919 Gravius.
457 868 537 917 Certe
548 866 649 919 Herod.
660 866 704 930 qni
715 865 765 929 pri·
803 871 867 927 tam,
877 879 936 913 cum
944 863 971 913 iu
979 864 1024 913 iiio
1033 863 1151 926 imperio,
1161 875 1208 911 rex
1216 876 1253 911 ac.
1265 863 1338 912 inter

235 959 292 995 mus
305 945 362 995 iuec
380 942 506 1007 prodidit,
525 942 564 991 ita
582 948 667 991 vocat.
686 940 764 990 Vms.
803 940 922 989 ludentes
933 938 1337 1002 aertedeieetus,perlnsciriam

236 1021 324 1071 Grau.
342 1018 544 1083 Spueoexduut.
577 1017 656 1065 Forte
676 1016 765 1078 Specus
803 1017 1084 1082 contumaeeaflageiiis
1091 1018 1236 1066 cecidisset.
1251 1016 1336 1067 videa

235 1096 334 1147 Neuter
351 1094 457 1157 scripsit
474 1107 521 1157 pre
538 1091 633 1143 Graeco
651 1090 764 1154 genitivo
803 1097 884 1160 igitur
896 1111 946 1146 neu
963 1095 1056 1145 trustra
1067 1095 1205 1158 imperium
1220 1094 1335 1144 inveniri

234 1170 351 1221 temous.
369 1168 450 1229 Sedes.
802 1172 828 1220 iu
846 1172 921 1222 iibrir
937 1172 1057 1235 antiquis,
1077 1171 1193 1235 quamvis
1209 1169 1336 1219 emenda·

268 1246 373 1297 cmv.
405 1247 445 1309 §1
465 1244 603 1293 Cum‘r'ater
616 1248 722 1307 puderet
731 1256 764 1291 es·
803 1248 853 1297 tius
874 1247 979 1310 legatur
1006 1247 1032 1294 in
1058 1260 1119 1307 nnn,
1146 1245 1247 1308 imperio
1269 1259 1336 1295 aru.

235 1328 281 1385 ret,
299 1322 359 1385 Cyri
377 1335 459 1371 acmen
475 1318 577 1383 accepit]
602 1320 661 1369 Non
683 1319 764 1371 seium
802 1322 954 1371 Dectissimi
973 1328 1001 1370 et
1018 1321 1165 1370 amicissimi
1182 1320 1254 1381 mihi,
1272 1334 1334 1369 cnm

235 1386 606 1459 animumanimumum
618 1393 683 1444 Cud.
696 1393 764 1443 non·
802 1396 829 1445 iu
852 1398 916 1447 rivis
937 1405 1017 1457 earet,
1041 1396 1091 1444 riri
1113 1394 1334 1458 emendationem,

235 1472 313 1535 garsii
326 1471 430 1533 legunt:
447 1484 501 1519 mm
510 1469 574 1519 inter
586 1474 694 1532 puriores
704 1473 764 1519 esset
802 1472 845 1536 qni
853 1472 960 1535 conjicit
968 1469 1096 1521 scribend.
1104 1483 1172 1529 ease,
1179 1469 1336 1519 Paerdeinde

234 1545 651 1609 superumacmiuomenaceepis.
682 1545 726 1595 Sic
736 1552 765 1594 et
802 1550 927 1598 cuminter
942 1552 1119 1612 pastureresset
1140 1546 1260 1594 iaPem‘a
1271 1546 1335 1609 Cyri

234 1621 316 1671 eudex
329 1619 406 1682 Augi.
439 1620 491 1669 Sed
510 1621 574 1669 eiius
593 1620 764 1683 imperiumne·
802 1625 992 1687 mammii,
1010 1622 1122 1687 probare
1139 1636 1190 1669 uon
1210 1634 1333 1685 pessum

234 1698 312 1750 Hane
333 1710 419 1743 reram
440 1710 496 1745 erse
515 1696 566 1758 huj.
584 1695 601 1744 1.
624 1694 762 1744 lectionem
802 1700 864 1763 quia
875 1707 992 1761 pastores
1005 1698 1052 1760 iiii,
1068 1712 1110 1760 ap.
1127 1710 1192 1760 ques
1203 1695 1335 1745 educaba-

235 1779 311 1837 pnte,
321 1786 372 1837 qua
382 1787 473 1821 canusa
484 1772 610 1834 redditur,
620 1786 667 1821 eur
678 1772 763 1822 dictus
803 1782 854 1836 tur,
876 1781 904 1823 et
927 1774 1078 1839 quibuscum
1097 1770 1260 1831 versabatur,
1280 1783 1333 1819 nen

235 1848 270 1896 uit
282 1849 374 1909 Cyrus,
394 1860 451 1895 aum
464 1854 543 1896 antea
561 1844 641 1909 suerit
658 1846 683 1896 ei
694 1846 763 1895 aliud
802 1857 877 1899 eraut
894 1851 992 1911 Persae,
1010 1848 1057 1898 sed
1076 1846 1158 1896 Medi.
1191 1847 1223 1895 lu
1241 1845 1335 1896 Media
1429 1877 1432 1881 »

234 1935 326 1983 nomeu
339 1937 354 1971 a
366 1929 471 1985 pastore
479 1929 507 1971 et
518 1922 572 1985 ejus
580 1934 670 1984 uxore,
682 1935 698 1970 a
708 1923 763 1985 qui·
802 1925 870 1973 euim
882 1924 1131 1987 determinemus,
1148 1923 1175 1972 iu
1186 1920 1277 1971 Media
1287 1936 1333 1970 err·

235 1999 283 2049 bus
295 1997 465 2061 educabatur,
484 1998 641 2061 impositum.
677 1999 764 2049 Docet
802 2001 913 2063 peritus,
931 2000 958 2048 iu
975 1999 1068 2048 Media
1086 1998 1119 2047 ad
1138 1998 1266 2047 decimum
1286 2012 1333 2047 au-

234 2076 261 2125 id
273 2074 351 2125 etiarn
365 2074 462 2125 Herod.
473 2088 493 2125 1.
506 2079 561 2145 1111.
582 2072 764 2137 'sinidio-repen
802 2090 871 2137 uum,
892 2089 943 2141 quo
965 2076 1101 2138 imperinm
1124 2074 1333 2137 interpretarer

234 2149 407 2213 semitipsis
423 2148 581 2210 ὀνομασθέντα
595 2151 764 2214 παραλαβοῦσα
802 2151 929 2211 exercuit,
947 2157 1132 2199 commoratus:
1157 2147 1210 2198 vid.
1230 2148 1334 2197 Herod.

235 2224 318 2289 ἔτρεφε
330 2224 598 2286 immorassemus,
609 2225 764 2289 obeundus
802 2240 822 2277 r.
834 2232 873 2278 1⁰.
889 2229 986 2278 Postea
1002 2227 1103 2276 demum
1121 2226 1154 2276 nd
1170 2233 1292 2290 parentes
1302 2228 1333 2275 in

235 2318 278 2351 κου
294 2298 320 2347 ri
339 2300 378 2349 κα1
397 2300 424 2349 οὐ
443 2302 518 2363 Κῦραν
534 2299 633 2362 sepem:
655 2303 763 2351 Alterum
802 2305 921 2354 Persium
932 2306 1052 2355 remissus
1064 2311 1114 2366 est,
1131 2304 1176 2354 ubi
1194 2317 1246 2353 nou
1263 2305 1334 2354 iuter

234 2392 298 2441 nero,
319 2379 360 2441 qui
376 2384 459 2441 postea
479 2380 558 2442 Cyrus
575 2378 702 2442 appelletur
721 2383 764 2441 eu,
802 2390 919 2445 pastores
929 2382 993 2443 egit,
1011 2379 1057 2429 sed
1069 2385 1099 2428 ut
1113 2380 1181 2443 repis
1191 2380 1332 2431 Medorum

234 2454 397 2503 esuriamus·
408 2454 454 2503 sibi
470 2458 573 2503 sumtum
584 2454 700 2515 educauit,
719 2452 763 2501 im·
802 2469 892 2518 nepus,
909 2463 937 2504 et
948 2455 1091 2504 Mandanes
1103 2454 1180 2517 filius,
1196 2456 1266 2507 laute
1280 2454 1335 2505 suit

232 2530 309 2593 perite
320 2529 535 2592 idiriinqrmpium
551 2545 579 2578 uc
597 2544 642 2578 nen
655 2529 764 2592 Cyrene·
801 2530 904 2579 habitus
923 2537 952 2580 et
969 2530 1110 2580 educarunt
1136 2530 1335 2593 nid.cep.122.

234 2606 310 2655 mine.-
327 2612 354 2655 et
372 2618 422 2653 neu
435 2607 578 2667 langeport
596 2617 669 2666 puer,
687 2600 768 2667 quem’
801 2606 884 2668 ejusd.
894 2606 939 2655 lib.
976 2608 1011 2655 Et
1021 2607 1071 2655 hec
1082 2611 1131 2666 est,
1143 2607 1210 2670 quod
1221 2605 1254 2654 ad
1270 2620 1332 2656 eum

235 2682 318 2744 Cyrus
335 2679 444 2742 flagellis
454 2677 594 2735 ceciderat,
610 2678 728 2726 κατελθὼν
738 2676 764 2727 ri
801 2682 892 2731 scribit
911 2682 1060 2745 Harpagus,
1079 2684 1087 2710 ⁴
1105 2696 1163 2730 eum
1183 2681 1332 2744 ablegatum

234 2757 259 2805 ds
277 2754 355 2817 πόλιν,
373 2755 429 2817 rpds
446 2754 488 2802 riu
505 2752 594 2817 πατέρα
613 2753 763 2816 immisero
800 2756 1039 2808 fainanum!
1072 2760 1139 2807 'l'urn
1156 2766 1244 2807 antem
1258 2758 1333 2807 eivi-

234 2834 282 2881 τῶν
293 2830 336 2879 ὑπὸ
348 2828 424 2893 κόρου
433 2829 530 2887 ἤντησε.
548 2828 626 2889 λόγων
639 2828 665 2878 n
680 2830 708 2878 ud
716 2828 762 2878 ltd-
800 2833 878 2883 detur
888 2834 938 2883 hnc
950 2847 1042 2883 nemen
1054 2834 1202 2896 imperitum
1213 2831 1293 2882 fuisse
1303 2833 1331 2882 irr

235 2926 276 2971 pau
293 2905 389 2973 (odydp
408 2924 441 2955 κω
458 2904 763 2969 ἦνααῦτοααῦναμαμλλό
800 2909 901 2958 Persia.
937 2908 1025 2957 Persis
1045 2910 1113 2958 euim
1137 2907 1257 2972 ‘Cyrus'
1278 2914 1333 2969 est,

233 2982 761 3048 spusvoumvsummn'umsyrmcnss2
800 2984 1014 3045 reintraturum
1025 2985 1132 3032 Cres-et
1144 2983 1216 3031 Plut.
1243 2983 1332 3033 Etiam

233 3062 265 3111 In
277 3062 357 3111 urbem
374 3077 429 3111 uere
448 3076 500 3111 sum
517 3062 682 3123 emendicare,
699 3062 763 3124 apud
799 3072 867 3109 uuue
886 3061 954 3108 Cirr
965 3067 992 3109 et
1010 3060 1128 3108 Ctmrisid
1147 3073 1189 3122 ap.
1208 3059 1332 3108 Persicus

231 3142 324 3199 putrem
335 3142 431 3199 qucum
441 3142 484 3193 est,
503 3138 637 3199 qaumudou
649 3137 713 3199 Cyru
728 3150 763 3185 es·
800 3133 891 3196 poetas
909 3135 981 3183 mitra
998 3132 1145 3197 significare
1164 3133 1211 3182 vin'
1223 3133 1332 3184 doctiss.

232 3217 399 3275 aetenceptaa:
416 3227 461 3259 nau
471 3226 524 3260 seru
532 3210 761 3273 Cyrumuppelirrnit,
799 3219 963 3261 monuerunt.
981 3212 1062 3259 Gran.
1087 3210 1161 3258 Vett.
1172 3210 1275 3273 plurimi
1286 3211 1330 3259 ha·

233 3290 333 3337 academ
350 3290 373 3336 ei
390 3288 432 3335 hoc
449 3293 500 3336 erat
518 3300 615 3343 nomem
630 3288 671 3333 red
681 3285 762 3349 filiurn
800 3284 881 3334 bent:
897 3285 916 3334 i.
932 3299 959 3348 p.
978 3290 1038 3333 esset
1056 3285 1202 3348 inperiosus,
1222 3285 1332 3348 quedet

231 3362 336 3423 pesteris
353 3361 421 3410 boum
440 3360 564 3423 Astyagis.
606 3360 665 3409 Neu
683 3360 762 3424 igitur
800 3360 888 3409 Graer.
897 3360 972 3423 dicit,
980 3373 1031 3410 unu
1041 3366 1140 3412 temere
1148 3360 1331 3422 spernendum.

233 3435 323 3500 primis
346 3435 429 3497 anuis,
458 3449 522 3498 quos
552 3435 622 3483 iuter
644 3444 761 3498 pastorer
800 3432 912 3498 Atquid
930 3434 1065 3495 albiuelit,
1084 3435 1132 3483 ime
1149 3436 1331 3485 verecunde·

233 3510 331 3572 exegit,
350 3510 434 3571 Cyrus
453 3508 503 3559 fuit
521 3510 616 3571 dictus,
636 3510 682 3559 sed
702 3518 762 3574 post
800 3510 889 3558 eierat.
923 3510 1008 3559 Porro
1024 3524 1075 3559 vex
1091 3510 1213 3573 imperiosi
1228 3510 1272 3559 vix
1287 3511 1331 3563 uie

233 3584 297 3633 iilud
315 3591 429 3648 tempus,
446 3598 497 3648 que
508 3585 577 3634 iuter
588 3594 705 3649 parterm
716 3588 762 3635 im·
800 3584 918 3633 obtinere
937 3593 1025 3648 petest
1044 3585 1139 3634 iocum.
1182 3585 1241 3635 Huc
1260 3588 1331 3637 enim

233 3659 305 3722 perio
317 3667 374 3709 erat
390 3674 451 3709 usus
472 3661 498 3709 in
518 3660 611 3724 puerili
630 3660 674 3711 iilo
693 3662 762 3725 ludu,
799 3658 891 3707 vitium
911 3658 1056 3722 signifieat:
1083 3659 1179 3710 deiude
1200 3663 1332 3724 quemodo
1391 3683 1397 3691 ·

233 3732 317 3795 Cyrus
327 3733 428 3783 densum
444 3730 495 3782 fuit
505 3733 662 3798 appellatus,
681 3735 734 3784 siue
746 3751 762 3784 a
799 3733 952 3795 imperiosus
963 3732 1042 3785 suerit
1053 3749 1119 3798 puer
1128 3735 1221 3793 adhue,
1232 3743 1260 3785 et
1270 3752 1333 3787 con·

233 3806 331 3870 pueris,
352 3821 412 3857 eum
433 3806 526 3870 quibus
545 3809 651 3872 luserat,
671 3810 725 3859 sire
746 3824 762 3859 a
800 3809 906 3858 stitutus
919 3809 967 3859 sub
979 3809 1245 3873 arbitriopasremm?
1260 3813 1330 3876 qued

232 3882 301 3931 veris
309 3882 473 3945 parentibus,
483 3882 537 3932 sive
546 3896 562 3933 a
570 3883 679 3933 civibus.
697 3884 762 3933 Nar·
799 3884 864 3934 iilud
876 3885 932 3948 eJus
943 3899 997 3935 esse
1008 3886 1095 3950 potuit
1106 3887 1261 3950 imperinm?
1293 3889 1332 3938 Et

233 3960 275 4003 rat
294 3954 418 4019 deinceps
437 3957 565 4019 tustinus,
583 3958 711 4022 quemodo
728 3974 761 4009 ex
799 3960 878 4024 piane
896 3961 1056 4024 prepositum
1077 3961 1120 4011 irie
1141 3962 1249 4025 Nostro,
1271 3962 1331 4011 red·

232 4028 278 4079 iiio
289 4028 397 4094 imperio
417 4044 463 4081 seu
483 4046 562 4096 regnu
579 4034 648 4084 iuter
666 4049 761 4099 pueros
799 4037 863 4086 dere
873 4050 986 4100 causam,
994 4051 1076 4102 quare
1084 4036 1169 4099 Cyrus
1177 4038 1264 4086 dictus
1274 4034 1332 4086 fue·

232 4105 348 4155 exercitu
360 4104 441 4155 fuerit
449 4108 550 4171 agnitus
559 4107 592 4157 ab
600 4122 662 4159 are:
680 4110 761 4162 ‘Mox
800 4110 845 4160 rit.
879 4110 915 4160 At
932 4112 982 4161 hnc
1000 4124 1051 4160 nun
1071 4110 1216 4160 addiscitur
1234 4126 1267 4159 en
1284 4111 1332 4161 iiie

231 4182 355 4231 rexiuter
363 4181 693 4242 ludentessurtedeicctus.
703 4200 761 4235 eum
799 4187 946 4249 imperinm,
965 4186 1086 4251 queniam
1096 4186 1181 4249 Cyrus
1197 4199 1248 4235 nen
1259 4187 1334 4250 impe,-

232 4272 281 4322 per
302 4258 433 4310 lascivium
462 4265 628 4313 contumaces
653 4260 761 4327 flagellis
798 4258 1331 4328 detumuerumdoim,deuetat,adquem
