<?xml version="1.0" encoding="UTF-8"?>
<!DOCTYPE html PUBLIC "-//W3C//DTD XHTML 1.0 Transitional//EN"
    "http://www.w3.org/TR/xhtml1/DTD/xhtml1-transitional.dtd">
<html xmlns="http://www.w3.org/1999/xhtml" xml:lang="en" lang="en">
 <head>
  <title>
</title>
<meta http-equiv="Content-Type" content="text/html;charset=utf-8" />
  <meta name='ocr-system' content='tesseract 3.04.00' />
  <meta name='ocr-capabilities' content='ocr_page ocr_carea ocr_par ocr_line ocrx_word'/>
</head>
<body>
  <div class='ocr_page' id='page_1' title='image "./historiaephilip03justgoog_0274.png"; bbox 0 0 3092 4884; ppageno 0'>
   <div class='ocr_carea' id='block_1_1' title="bbox 253 330 995 397">
    <p class='ocr_par' dir='ltr' id='par_1_1' title="bbox 253 330 995 397">
     <span class='ocr_line' id='line_1_1' title="bbox 253 330 995 397; baseline -0.007 -1"><span class='ocrx_word' id='word_1_1' title='bbox 253 330 320 397; x_wconf 71' lang='lat'><strong>870</strong></span> <span class='ocrx_word' id='word_1_2' title='bbox 598 344 705 393; x_wconf 77' lang='lat' dir='ltr'><strong>uoau</strong></span> <span class='ocrx_word' id='word_1_3' title='bbox 728 342 931 393; x_wconf 78' lang='lat' dir='ltr'><strong>vaurouusr</strong></span> <span class='ocrx_word' id='word_1_4' title='bbox 956 343 995 391; x_wconf 80' lang='lat' dir='ltr'><strong>ru</strong></span> 
     </span>
    </p>
   </div>
   <div class='ocr_carea' id='block_1_2' title="bbox 253 481 1353 627">
    <p class='ocr_par' dir='ltr' id='par_1_2' title="bbox 253 481 1353 627">
     <span class='ocr_line' id='line_1_2' title="bbox 254 481 1352 551; baseline -0.007 -10"><span class='ocrx_word' id='word_1_5' title='bbox 254 488 307 541; x_wconf 84' lang='lat' dir='ltr'><strong>tius</strong></span> <span class='ocrx_word' id='word_1_6' title='bbox 318 486 345 536; x_wconf 91' lang='lat' dir='ltr'><strong>iu</strong></span> <span class='ocrx_word' id='word_1_7' title='bbox 356 486 441 551; x_wconf 90' lang='lat' dir='ltr'><strong>Epist.</strong></span> <span class='ocrx_word' id='word_1_8' title='bbox 449 500 507 551; x_wconf 80' lang='lat' dir='ltr'><strong>quas</strong></span> <span class='ocrx_word' id='word_1_9' title='bbox 515 486 635 536; x_wconf 85' lang='lat' dir='ltr'><strong>estiatur</strong></span> <span class='ocrx_word' id='word_1_10' title='bbox 645 484 785 535; x_wconf 82' lang='lat' dir='ltr'><strong>familiares</strong></span> <span class='ocrx_word' id='word_1_11' title='bbox 822 481 939 535; x_wconf 62' lang='lat' dir='ltr'><strong>cietatess</strong></span> <span class='ocrx_word' id='word_1_12' title='bbox 971 482 1077 533; x_wconf 82' lang='lat' dir='ltr'><strong>Mallem</strong></span> <span class='ocrx_word' id='word_1_13' title='bbox 1098 496 1146 547; x_wconf 78' lang='lat' dir='ltr'><strong>ego</strong></span> <span class='ocrx_word' id='word_1_14' title='bbox 1168 497 1270 533; x_wconf 81' lang='lat' dir='ltr'><strong>consuta</strong></span> <span class='ocrx_word' id='word_1_15' title='bbox 1291 482 1352 533; x_wconf 87' lang='lat' dir='ltr'><strong>scri·</strong></span> 
     </span>
     <span class='ocr_line' id='line_1_3' title="bbox 253 558 1353 627; baseline -0.007 -11"><span class='ocrx_word' id='word_1_16' title='bbox 253 564 388 616; x_wconf 81' lang='lat' dir='ltr'><strong>Ciceronis</strong></span> <span class='ocrx_word' id='word_1_17' title='bbox 398 576 437 612; x_wconf 80' lang='lat' dir='ltr'><strong>ru.</strong></span> <span class='ocrx_word' id='word_1_18' title='bbox 446 567 471 612; x_wconf 80' lang='lat' dir='ltr'><strong>b.</strong></span> <span class='ocrx_word' id='word_1_19' title='bbox 489 561 583 613; x_wconf 80' lang='lat' dir='ltr'><strong>‘Quod</strong></span> <span class='ocrx_word' id='word_1_20' title='bbox 601 563 624 613; x_wconf 91' lang='lat' dir='ltr'><strong>si</strong></span> <span class='ocrx_word' id='word_1_21' title='bbox 639 563 695 627; x_wconf 88' lang='lat' dir='ltr'><strong>quis</strong></span> <span class='ocrx_word' id='word_1_22' title='bbox 706 563 786 612; x_wconf 80' lang='lat' dir='ltr'><strong>etiarn</strong></span> <span class='ocrx_word' id='word_1_23' title='bbox 823 558 885 609; x_wconf 87' lang='lat' dir='ltr'><strong>berc</strong></span> <span class='ocrx_word' id='word_1_24' title='bbox 898 565 957 623; x_wconf 84' lang='lat' dir='ltr'><strong>post</strong></span> <span class='ocrx_word' id='word_1_25' title='bbox 973 559 1101 620; x_wconf 63' lang='lat' dir='ltr'><strong>‘iterato&#39;</strong></span> <span class='ocrx_word' id='word_1_26' title='bbox 1120 566 1147 609; x_wconf 90' lang='lat' dir='ltr'><strong>ut</strong></span> <span class='ocrx_word' id='word_1_27' title='bbox 1160 558 1289 609; x_wconf 84' lang='lat' dir='ltr'><strong>sententia</strong></span> <span class='ocrx_word' id='word_1_28' title='bbox 1301 558 1353 609; x_wconf 83' lang='lat' dir='ltr'><strong>sit:</strong></span> 
     </span>
    </p>
   </div>
   <div class='ocr_carea' id='block_1_3' title="bbox 253 630 1449 700">
    <p class='ocr_par' dir='ltr' id='par_1_3' title="bbox 253 630 1449 700">
     <span class='ocr_line' id='line_1_4' title="bbox 253 630 1449 700; baseline -0.003 -11"><span class='ocrx_word' id='word_1_29' title='bbox 253 638 343 689; x_wconf 84' lang='lat' dir='ltr'><strong>inseris</strong></span> <span class='ocrx_word' id='word_1_30' title='bbox 353 651 440 686; x_wconf 83' lang='lat' dir='ltr'><strong>sensus</strong></span> <span class='ocrx_word' id='word_1_31' title='bbox 451 642 501 697; x_wconf 89' lang='lat' dir='ltr'><strong>est,</strong></span> <span class='ocrx_word' id='word_1_32' title='bbox 510 637 559 687; x_wconf 88' lang='lat' dir='ltr'><strong>boc</strong></span> <span class='ocrx_word' id='word_1_33' title='bbox 571 644 644 687; x_wconf 88' lang='lat' dir='ltr'><strong>certe</strong></span> <span class='ocrx_word' id='word_1_34' title='bbox 655 638 701 686; x_wconf 86' lang='lat' dir='ltr'><strong>ilia</strong></span> <span class='ocrx_word' id='word_1_35' title='bbox 710 645 736 685; x_wconf 85' lang='lat' dir='ltr'><strong>te</strong></span> <span class='ocrx_word' id='word_1_36' title='bbox 746 636 786 686; x_wconf 85' lang='lat' dir='ltr'><strong>fa·</strong></span> <span class='ocrx_word' id='word_1_37' title='bbox 822 634 909 685; x_wconf 77' lang='lat' dir='ltr'><strong>Asiam</strong></span> <span class='ocrx_word' id='word_1_38' title='bbox 920 634 1003 685; x_wconf 87' lang='lat' dir='ltr'><strong>denuo</strong></span> <span class='ocrx_word' id='word_1_39' title='bbox 1011 635 1122 685; x_wconf 84' lang='lat' dir='ltr'><strong>voluisse</strong></span> <span class='ocrx_word' id='word_1_40' title='bbox 1131 648 1268 698; x_wconf 84' lang='lat' dir='ltr'><strong>occupare,</strong></span> <span class='ocrx_word' id='word_1_41' title='bbox 1276 648 1354 700; x_wconf 78' lang='lat' dir='ltr'><strong>quarn</strong></span> <span class='ocrx_word' id='word_1_42' title='bbox 1447 630 1449 636; x_wconf 78' lang='grc'><strong>’</strong></span> 
     </span>
    </p>
   </div>
   <div class='ocr_carea' id='block_1_4' title="bbox 215 709 1388 3893">
    <p class='ocr_par' dir='ltr' id='par_1_4' title="bbox 215 709 1388 3893">
     <span class='ocr_line' id='line_1_5' title="bbox 255 709 1354 777; baseline 0 -14"><span class='ocrx_word' id='word_1_43' title='bbox 255 727 316 767; x_wconf 88' lang='lat' dir='ltr'><strong>cere</strong></span> <span class='ocrx_word' id='word_1_44' title='bbox 327 726 378 762; x_wconf 88' lang='lat' dir='ltr'><strong>uon</strong></span> <span class='ocrx_word' id='word_1_45' title='bbox 391 709 462 761; x_wconf 80' lang='lat' dir='ltr'><strong>vult&#39;</strong></span> <span class='ocrx_word' id='word_1_46' title='bbox 495 713 580 762; x_wconf 84' lang='lat' dir='ltr'><strong>ereru</strong></span> <span class='ocrx_word' id='word_1_47' title='bbox 591 711 624 761; x_wconf 86' lang='lat' dir='ltr'><strong>ad</strong></span> <span class='ocrx_word' id='word_1_48' title='bbox 634 712 653 761; x_wconf 92' lang='lat' dir='ltr'><strong>i.</strong></span> <span class='ocrx_word' id='word_1_49' title='bbox 665 712 786 761; x_wconf 82' lang='lat' dir='ltr'><strong>observat</strong></span> <span class='ocrx_word' id='word_1_50' title='bbox 823 728 860 764; x_wconf 86' lang='lat' dir='ltr'><strong>sc.</strong></span> <span class='ocrx_word' id='word_1_51' title='bbox 880 729 1022 777; x_wconf 72' lang='lat' dir='ltr'><strong>possessam</strong></span> <span class='ocrx_word' id='word_1_52' title='bbox 1034 720 1112 763; x_wconf 83' lang='lat' dir='ltr'><strong>antea</strong></span> <span class='ocrx_word' id='word_1_53' title='bbox 1122 715 1246 763; x_wconf 85' lang='lat' dir='ltr'><strong>amiserat</strong></span> <span class='ocrx_word' id='word_1_54' title='bbox 1262 714 1354 777; x_wconf 79' lang='lat' dir='ltr'><strong>praetio</strong></span> 
     </span>
     <span class='ocr_line' id='line_1_6' title="bbox 254 786 1356 854; baseline -0.002 -15"><span class='ocrx_word' id='word_1_55' title='bbox 254 790 289 840; x_wconf 87' lang='grc' dir='ltr'><strong>Ρ.</strong></span> <span class='ocrx_word' id='word_1_56' title='bbox 300 788 445 850; x_wconf 80' lang='lat' dir='ltr'><strong>Manutius,</strong></span> <span class='ocrx_word' id='word_1_57' title='bbox 459 787 507 837; x_wconf 86' lang='lat' dir='ltr'><strong>buc</strong></span> <span class='ocrx_word' id='word_1_58' title='bbox 522 796 567 838; x_wconf 87' lang='lat' dir='ltr'><strong>aut</strong></span> <span class='ocrx_word' id='word_1_59' title='bbox 578 788 655 838; x_wconf 84' lang='lat' dir='ltr'><strong>simili</strong></span> <span class='ocrx_word' id='word_1_60' title='bbox 665 786 720 837; x_wconf 85' lang='lat' dir='ltr'><strong>sere</strong></span> <span class='ocrx_word' id='word_1_61' title='bbox 734 786 786 837; x_wconf 85' lang='lat' dir='ltr'><strong>for·</strong></span> <span class='ocrx_word' id='word_1_62' title='bbox 823 804 882 839; x_wconf 87' lang='lat' dir='ltr'><strong>cum</strong></span> <span class='ocrx_word' id='word_1_63' title='bbox 892 787 1013 853; x_wconf 81' lang='lat' dir='ltr'>Seleuco,</span> <span class='ocrx_word' id='word_1_64' title='bbox 1022 786 1055 837; x_wconf 87' lang='lat' dir='ltr'><strong>de</strong></span> <span class='ocrx_word' id='word_1_65' title='bbox 1064 803 1115 854; x_wconf 88' lang='lat' dir='ltr'><strong>quo</strong></span> <span class='ocrx_word' id='word_1_66' title='bbox 1123 788 1222 839; x_wconf 79' lang='lat' dir='ltr'><strong>Noster</strong></span> <span class='ocrx_word' id='word_1_67' title='bbox 1234 800 1283 841; x_wconf 74' lang='lat' dir='ltr'><strong>xv,</strong></span> <span class='ocrx_word' id='word_1_68' title='bbox 1293 792 1318 838; x_wconf 77' lang='lat'><strong>⁵.</strong></span> <span class='ocrx_word' id='word_1_69' title='bbox 1330 790 1356 843; x_wconf 77' lang='lat' dir='ltr'><strong>d.</strong></span> 
     </span>
     <span class='ocr_line' id='line_1_7' title="bbox 254 862 1036 928; baseline 0.004 -15"><span class='ocrx_word' id='word_1_70' title='bbox 254 864 323 913; x_wconf 81' lang='lat' dir='ltr'><strong>sunia</strong></span> <span class='ocrx_word' id='word_1_71' title='bbox 339 864 367 912; x_wconf 93' lang='lat' dir='ltr'><strong>iu</strong></span> <span class='ocrx_word' id='word_1_72' title='bbox 383 864 508 912; x_wconf 87' lang='lat' dir='ltr'><strong>memoria</strong></span> <span class='ocrx_word' id='word_1_73' title='bbox 526 862 710 913; x_wconf 79' lang='lat' dir='ltr'><strong>defunctorum</strong></span> <span class='ocrx_word' id='word_1_74' title='bbox 725 878 786 913; x_wconf 88' lang='lat' dir='ltr'><strong>usos</strong></span> <span class='ocrx_word' id='word_1_75' title='bbox 822 864 902 925; x_wconf 67' lang='lat' dir='ltr'><strong>SM.</strong></span> <span class='ocrx_word' id='word_1_76' title='bbox 1034 924 1036 928; x_wconf 16' lang='lat' dir='ltr'>v</span> 
     </span>
     <span class='ocr_line' id='line_1_8' title="bbox 255 937 1359 1004; baseline -0.005 -11"><span class='ocrx_word' id='word_1_77' title='bbox 255 942 401 993; x_wconf 77' lang='lat' dir='ltr'><strong>ctGrarcos</strong></span> <span class='ocrx_word' id='word_1_78' title='bbox 412 956 477 990; x_wconf 85' lang='lat' dir='ltr'><strong>esse.</strong></span> <span class='ocrx_word' id='word_1_79' title='bbox 506 941 656 991; x_wconf 85' lang='lat' dir='ltr'><strong>Latinorum</strong></span> <span class='ocrx_word' id='word_1_80' title='bbox 667 942 787 1004; x_wconf 82' lang='lat' dir='ltr'><strong>exenspira</strong></span> <span class='ocrx_word' id='word_1_81' title='bbox 855 940 1007 1003; x_wconf 71' lang='lat' dir='ltr'><strong>protomar,</strong></span> <span class='ocrx_word' id='word_1_82' title='bbox 1025 937 1359 1003; x_wconf 55' lang='lat' dir='ltr'><strong>&amp;memoramini</strong></span> 
     </span>
     <span class='ocr_line' id='line_1_9' title="bbox 257 1014 1355 1084; baseline -0.002 -17"><span class='ocrx_word' id='word_1_83' title='bbox 257 1020 331 1084; x_wconf 82' lang='lat' dir='ltr'><strong>ptura</strong></span> <span class='ocrx_word' id='word_1_84' title='bbox 342 1017 447 1082; x_wconf 80' lang='lat' dir='ltr'><strong>collegit</strong></span> <span class='ocrx_word' id='word_1_85' title='bbox 459 1017 541 1068; x_wconf 82' lang='lat' dir='ltr'><strong>Rriss.</strong></span> <span class='ocrx_word' id='word_1_86' title='bbox 553 1018 586 1067; x_wconf 89' lang='lat' dir='ltr'><strong>dc</strong></span> <span class='ocrx_word' id='word_1_87' title='bbox 598 1018 710 1069; x_wconf 83' lang='lat' dir='ltr'><strong>Fortuui.</strong></span> <span class='ocrx_word' id='word_1_88' title='bbox 722 1031 786 1069; x_wconf 83' lang='lat' dir='ltr'><strong>vrrs.</strong></span> <span class='ocrx_word' id='word_1_89' title='bbox 822 1016 893 1065; x_wconf 90' lang='lat' dir='ltr'><strong>Piut.</strong></span> <span class='ocrx_word' id='word_1_90' title='bbox 912 1016 938 1064; x_wconf 90' lang='lat' dir='ltr'><strong>iu</strong></span> <span class='ocrx_word' id='word_1_91' title='bbox 959 1016 1075 1065; x_wconf 85' lang='lat' dir='ltr'><strong>Demetr.</strong></span> <span class='ocrx_word' id='word_1_92' title='bbox 1095 1024 1121 1064; x_wconf 86' lang='lat' dir='ltr'><strong>et</strong></span> <span class='ocrx_word' id='word_1_93' title='bbox 1139 1015 1256 1079; x_wconf 78' lang='lat' dir='ltr'><strong>Pyrrho:</strong></span> <span class='ocrx_word' id='word_1_94' title='bbox 1275 1014 1355 1065; x_wconf 84' lang='lat' dir='ltr'><strong>Paus.</strong></span> 
     </span>
     <span class='ocr_line' id='line_1_10' title="bbox 255 1090 1355 1158; baseline -0.002 -15"><span class='ocrx_word' id='word_1_95' title='bbox 255 1109 282 1158; x_wconf 94' lang='lat' dir='ltr'><strong>p.</strong></span> <span class='ocrx_word' id='word_1_96' title='bbox 294 1098 351 1143; x_wconf 72' lang='lat'><strong>840.</strong></span> <span class='ocrx_word' id='word_1_97' title='bbox 363 1095 370 1122; x_wconf 87' lang='lat'>‘</span> <span class='ocrx_word' id='word_1_98' title='bbox 382 1094 410 1142; x_wconf 89' lang='lat' dir='ltr'><strong>Si</strong></span> <span class='ocrx_word' id='word_1_99' title='bbox 421 1092 478 1157; x_wconf 85' lang='lat' dir='ltr'><strong>quis</strong></span> <span class='ocrx_word' id='word_1_100' title='bbox 485 1093 592 1141; x_wconf 83' lang='lat' dir='ltr'><strong>mortuis</strong></span> <span class='ocrx_word' id='word_1_101' title='bbox 603 1093 671 1142; x_wconf 88' lang='lat' dir='ltr'><strong>inest</strong></span> <span class='ocrx_word' id='word_1_102' title='bbox 679 1092 786 1156; x_wconf 85' lang='lat' dir='ltr'><strong>sensus‚&#39;</strong></span> <span class='ocrx_word' id='word_1_103' title='bbox 822 1091 848 1141; x_wconf 89' lang='lat' dir='ltr'><strong>iu</strong></span> <span class='ocrx_word' id='word_1_104' title='bbox 859 1090 917 1142; x_wconf 82' lang='lat' dir='ltr'><strong>Art.</strong></span> <span class='ocrx_word' id='word_1_105' title='bbox 934 1105 995 1157; x_wconf 89' lang='lat' dir='ltr'><strong>quos</strong></span> <span class='ocrx_word' id='word_1_106' title='bbox 1011 1091 1038 1141; x_wconf 92' lang='lat' dir='ltr'><strong>in</strong></span> <span class='ocrx_word' id='word_1_107' title='bbox 1055 1091 1103 1141; x_wconf 86' lang='lat' dir='ltr'><strong>bac</strong></span> <span class='ocrx_word' id='word_1_108' title='bbox 1118 1090 1228 1141; x_wconf 84' lang='lat' dir='ltr'><strong>historia</strong></span> <span class='ocrx_word' id='word_1_109' title='bbox 1238 1092 1355 1141; x_wconf 72' lang='lat' dir='ltr'><strong>mauide.</strong></span> 
     </span>
     <span class='ocr_line' id='line_1_11' title="bbox 255 1164 905 1233; baseline -0.008 -13"><span class='ocrx_word' id='word_1_110' title='bbox 255 1167 352 1233; x_wconf 74' lang='lat' dir='ltr'><strong>Polyb.</strong></span> <span class='ocrx_word' id='word_1_111' title='bbox 363 1182 425 1219; x_wconf 83' lang='lat' dir='ltr'><strong>vrrs.</strong></span> <span class='ocrx_word' id='word_1_112' title='bbox 437 1173 460 1218; x_wconf 87' lang='grc'><strong>9.</strong></span> <span class='ocrx_word' id='word_1_113' title='bbox 477 1168 586 1233; x_wconf 84' lang='lat' dir='ltr'><strong>‘Siquis</strong></span> <span class='ocrx_word' id='word_1_114' title='bbox 598 1167 688 1219; x_wconf 84' lang='lat' dir='ltr'><strong>inieris</strong></span> <span class='ocrx_word' id='word_1_115' title='bbox 696 1184 786 1222; x_wconf 77' lang='lat' dir='ltr'><strong>sensus</strong></span> <span class='ocrx_word' id='word_1_116' title='bbox 824 1164 905 1228; x_wconf 71' lang='lat' dir='ltr'><strong>Bong.</strong></span> 
     </span>
     <span class='ocr_line' id='line_1_12' title="bbox 255 1241 1353 1309; baseline -0.004 -15"><span class='ocrx_word' id='word_1_117' title='bbox 255 1243 315 1308; x_wconf 82' lang='lat' dir='ltr'><strong>est‚&#39;</strong></span> <span class='ocrx_word' id='word_1_118' title='bbox 331 1245 393 1294; x_wconf 87' lang='lat' dir='ltr'><strong>Seu.</strong></span> <span class='ocrx_word' id='word_1_119' title='bbox 413 1244 447 1293; x_wconf 84' lang='lat' dir='ltr'><strong>de</strong></span> <span class='ocrx_word' id='word_1_120' title='bbox 461 1244 541 1294; x_wconf 70' lang='lat' dir='ltr'><strong>lires.</strong></span> <span class='ocrx_word' id='word_1_121' title='bbox 558 1245 614 1294; x_wconf 87' lang='lat' dir='ltr'><strong>Vit.</strong></span> <span class='ocrx_word' id='word_1_122' title='bbox 624 1249 663 1295; x_wconf 83' lang='lat'><strong>18.</strong></span> <span class='ocrx_word' id='word_1_123' title='bbox 680 1246 727 1295; x_wconf 79' lang='lat' dir='ltr'><strong>‘si</strong></span> <span class='ocrx_word' id='word_1_124' title='bbox 744 1253 788 1297; x_wconf 88' lang='lat' dir='ltr'><strong>eat</strong></span> <span class='ocrx_word' id='word_1_125' title='bbox 856 1243 897 1306; x_wconf 79' lang='lat' dir='ltr'><strong>§d</strong></span> <span class='ocrx_word' id='word_1_126' title='bbox 914 1241 1050 1306; x_wconf 73' lang='lat' dir='ltr'><strong>interfecit]</strong></span> <span class='ocrx_word' id='word_1_127' title='bbox 1076 1244 1139 1306; x_wconf 74' lang='lat' dir='ltr'><strong>Leg.</strong></span> <span class='ocrx_word' id='word_1_128' title='bbox 1158 1241 1281 1309; x_wconf 75' lang='lat' dir='ltr'><strong>intepirit.</strong></span> <span class='ocrx_word' id='word_1_129' title='bbox 1303 1242 1353 1290; x_wconf 84' lang='lat' dir='ltr'><strong>Fa·</strong></span> 
     </span>
     <span class='ocr_line' id='line_1_13' title="bbox 256 1316 1353 1385; baseline -0.001 -17"><span class='ocrx_word' id='word_1_130' title='bbox 256 1319 347 1385; x_wconf 71' lang='lat' dir='ltr'><strong>aliquis</strong></span> <span class='ocrx_word' id='word_1_131' title='bbox 364 1317 494 1369; x_wconf 78' lang='lat' dir='ltr'><strong>defunctis</strong></span> <span class='ocrx_word' id='word_1_132' title='bbox 504 1318 609 1383; x_wconf 86' lang='lat' dir='ltr'><strong>seusus‚’</strong></span> <span class='ocrx_word' id='word_1_133' title='bbox 628 1319 669 1369; x_wconf 86' lang='lat' dir='ltr'><strong>Id.</strong></span> <span class='ocrx_word' id='word_1_134' title='bbox 681 1320 786 1373; x_wconf 85' lang='lat' dir='ltr'><strong>Consoi.</strong></span> <span class='ocrx_word' id='word_1_135' title='bbox 823 1317 879 1367; x_wconf 82' lang='lat' dir='ltr'><strong>ber.</strong></span> <span class='ocrx_word' id='word_1_136' title='bbox 920 1316 999 1381; x_wconf 77' lang='lat' dir='ltr'><strong>Argi.</strong></span> <span class='ocrx_word' id='word_1_137' title='bbox 1023 1318 1145 1383; x_wconf 74' lang='lat' dir='ltr'><strong>interficit,</strong></span> <span class='ocrx_word' id='word_1_138' title='bbox 1164 1316 1353 1381; x_wconf 84' lang='lat' dir='ltr'><strong>quod&#39;rectius</strong></span> 
     </span>
     <span class='ocr_line' id='line_1_14' title="bbox 256 1392 1355 1460; baseline -0.002 -14"><span class='ocrx_word' id='word_1_139' title='bbox 256 1397 289 1446; x_wconf 88' lang='lat' dir='ltr'><strong>ad</strong></span> <span class='ocrx_word' id='word_1_140' title='bbox 307 1395 402 1460; x_wconf 77' lang='lat' dir='ltr'><strong>Polyb.</strong></span> <span class='ocrx_word' id='word_1_141' title='bbox 414 1399 455 1445; x_wconf 75' lang='lat' dir='ltr'><strong>tt.</strong></span> <span class='ocrx_word' id='word_1_142' title='bbox 463 1399 488 1444; x_wconf 84' lang='grc'><strong>6.</strong></span> <span class='ocrx_word' id='word_1_143' title='bbox 508 1396 632 1458; x_wconf 87' lang='lat' dir='ltr'><strong>Propert.</strong></span> <span class='ocrx_word' id='word_1_144' title='bbox 649 1409 688 1445; x_wconf 80' lang='grc' dir='ltr'><strong>ιν.</strong></span> <span class='ocrx_word' id='word_1_145' title='bbox 703 1401 728 1446; x_wconf 84' lang='grc'><strong>6.</strong></span> <span class='ocrx_word' id='word_1_146' title='bbox 745 1400 787 1445; x_wconf 74' lang='lat' dir='ltr'><strong>tit.</strong></span> <span class='ocrx_word' id='word_1_147' title='bbox 823 1393 963 1458; x_wconf 86' lang='lat' dir='ltr'><strong>respondet</strong></span> <span class='ocrx_word' id='word_1_148' title='bbox 985 1394 1103 1458; x_wconf 76' lang='lat' dir='ltr'><strong>sequenti</strong></span> <span class='ocrx_word' id='word_1_149' title='bbox 1124 1392 1241 1443; x_wconf 77' lang='lat' dir='ltr'><strong>‘tradit’</strong></span> <span class='ocrx_word' id='word_1_150' title='bbox 1271 1392 1355 1455; x_wconf 77' lang='lat' dir='ltr'><strong>Scires.</strong></span> 
     </span>
     <span class='ocr_line' id='line_1_15' title="bbox 254 1469 1095 1535; baseline -0.004 -13"><span class='ocrx_word' id='word_1_151' title='bbox 254 1476 264 1503; x_wconf 81' lang='lat'><strong><em>⁴</em></strong></span> <span class='ocrx_word' id='word_1_152' title='bbox 274 1472 377 1534; x_wconf 83' lang='lat' dir='ltr'><strong>Gaude,</strong></span> <span class='ocrx_word' id='word_1_153' title='bbox 386 1472 491 1533; x_wconf 85' lang='lat' dir='ltr'><strong>Crasse,</strong></span> <span class='ocrx_word' id='word_1_154' title='bbox 500 1470 626 1535; x_wconf 71' lang='lat' dir='ltr'><strong>nigras,si</strong></span> <span class='ocrx_word' id='word_1_155' title='bbox 636 1471 699 1535; x_wconf 87' lang='lat' dir='ltr'><strong>quid</strong></span> <span class='ocrx_word' id='word_1_156' title='bbox 709 1472 788 1535; x_wconf 83' lang='lat' dir='ltr'><strong>sapis,</strong></span> <span class='ocrx_word' id='word_1_157' title='bbox 822 1469 865 1519; x_wconf 91' lang='lat' dir='ltr'><strong>Sic</strong></span> <span class='ocrx_word' id='word_1_158' title='bbox 877 1476 905 1519; x_wconf 83' lang='lat' dir='ltr'><strong>et</strong></span> <span class='ocrx_word' id='word_1_159' title='bbox 915 1469 990 1520; x_wconf 78' lang='lat' dir='ltr'><strong>dunt.</strong></span> <span class='ocrx_word' id='word_1_160' title='bbox 1011 1470 1095 1519; x_wconf 83' lang='lat' dir='ltr'><strong>Groee.</strong></span> 
     </span>
     <span class='ocr_line' id='line_1_16' title="bbox 256 1544 1354 1608; baseline -0.005 -8"><span class='ocrx_word' id='word_1_161' title='bbox 256 1550 326 1606; x_wconf 87' lang='lat' dir='ltr'><strong>iuter</strong></span> <span class='ocrx_word' id='word_1_162' title='bbox 343 1547 451 1600; x_wconf 68' lang='lat' dir='ltr'><strong>arenas!</strong></span> <span class='ocrx_word' id='word_1_163' title='bbox 483 1546 539 1597; x_wconf 77' lang='lat' dir='ltr'><strong>Vei.</strong></span> <span class='ocrx_word' id='word_1_164' title='bbox 551 1547 589 1597; x_wconf 88' lang='grc' dir='ltr'><strong>Μ.</strong></span> <span class='ocrx_word' id='word_1_165' title='bbox 605 1560 644 1598; x_wconf 81' lang='grc' dir='ltr'><strong>ιν.</strong></span> <span class='ocrx_word' id='word_1_166' title='bbox 660 1550 685 1597; x_wconf 84' lang='lat' dir='ltr'><strong>u.</strong></span> <span class='ocrx_word' id='word_1_167' title='bbox 700 1550 726 1597; x_wconf 79' lang='lat' dir='ltr'><strong>t.</strong></span> <span class='ocrx_word' id='word_1_168' title='bbox 741 1548 787 1597; x_wconf 84' lang='lat' dir='ltr'><strong>‘Si</strong></span> <span class='ocrx_word' id='word_1_169' title='bbox 857 1544 1022 1608; x_wconf 81' lang='lat' dir='ltr'><strong>Quereicruss]</strong></span> <span class='ocrx_word' id='word_1_170' title='bbox 1054 1544 1252 1595; x_wconf 83' lang='lat' dir='ltr'><strong>codd.Msr.ut</strong></span> <span class='ocrx_word' id='word_1_171' title='bbox 1269 1544 1354 1607; x_wconf 70' lang='lat' dir='ltr'><strong>Bouss.</strong></span> 
     </span>
     <span class='ocr_line' id='line_1_17' title="bbox 257 1621 1388 1690; baseline -0.002 -17"><span class='ocrx_word' id='word_1_172' title='bbox 257 1624 319 1690; x_wconf 86' lang='lat' dir='ltr'><strong>quid</strong></span> <span class='ocrx_word' id='word_1_173' title='bbox 342 1625 418 1673; x_wconf 87' lang='lat' dir='ltr'><strong>modo</strong></span> <span class='ocrx_word' id='word_1_174' title='bbox 435 1622 573 1685; x_wconf 70' lang='lat' dir='ltr'><strong>exstinctis</strong></span> <span class='ocrx_word' id='word_1_175' title='bbox 592 1636 683 1673; x_wconf 86' lang='lat' dir='ltr'><strong>sensus</strong></span> <span class='ocrx_word' id='word_1_176' title='bbox 701 1622 787 1673; x_wconf 88' lang='lat' dir='ltr'><strong>inest.&#39;</strong></span> <span class='ocrx_word' id='word_1_177' title='bbox 823 1630 944 1686; x_wconf 85' lang='lat' dir='ltr'><strong>testatur,</strong></span> <span class='ocrx_word' id='word_1_178' title='bbox 962 1622 1131 1686; x_wconf 79' lang='lat' dir='ltr'><strong>quereiiorarar</strong></span> <span class='ocrx_word' id='word_1_179' title='bbox 1157 1635 1261 1684; x_wconf 85' lang='lat' dir='ltr'><strong>prorsus</strong></span> <span class='ocrx_word' id='word_1_180' title='bbox 1275 1629 1305 1671; x_wconf 85' lang='lat' dir='ltr'><strong>nt</strong></span> <span class='ocrx_word' id='word_1_181' title='bbox 1326 1621 1354 1671; x_wconf 89' lang='lat' dir='ltr'><strong>iu</strong></span> <span class='ocrx_word' id='word_1_182' title='bbox 1382 1630 1388 1645; x_wconf 87' lang='grc'><strong>’</strong></span> 
     </span>
     <span class='ocr_line' id='line_1_18' title="bbox 257 1696 1231 1763; baseline -0.009 -10"><span class='ocrx_word' id='word_1_183' title='bbox 257 1702 356 1754; x_wconf 74' lang='lat' dir='ltr'><strong>Lucan</strong></span> <span class='ocrx_word' id='word_1_184' title='bbox 378 1713 440 1749; x_wconf 83' lang='lat' dir='ltr'><strong>vrrs.</strong></span> <span class='ocrx_word' id='word_1_185' title='bbox 461 1704 519 1749; x_wconf 76' lang='grc'><strong>749.</strong></span> <span class='ocrx_word' id='word_1_186' title='bbox 546 1698 595 1749; x_wconf 85' lang='lat' dir='ltr'><strong>‘Si</strong></span> <span class='ocrx_word' id='word_1_187' title='bbox 617 1697 678 1763; x_wconf 84' lang='lat' dir='ltr'><strong>quid</strong></span> <span class='ocrx_word' id='word_1_188' title='bbox 698 1713 787 1749; x_wconf 65' lang='lat' dir='ltr'><strong>nurus</strong></span> <span class='ocrx_word' id='word_1_189' title='bbox 822 1699 933 1762; x_wconf 86' lang='lat' dir='ltr'><strong>antiquis</strong></span> <span class='ocrx_word' id='word_1_190' title='bbox 943 1696 1072 1760; x_wconf 87' lang='lat' dir='ltr'><strong>lapidibus</strong></span> <span class='ocrx_word' id='word_1_191' title='bbox 1082 1702 1132 1745; x_wconf 89' lang='lat' dir='ltr'><strong>est.</strong></span> <span class='ocrx_word' id='word_1_192' title='bbox 1152 1696 1231 1745; x_wconf 86' lang='lat' dir='ltr'><strong>Vorrt.</strong></span> 
     </span>
     <span class='ocr_line' id='line_1_19' title="bbox 257 1771 1354 1842; baseline -0.005 -16"><span class='ocrx_word' id='word_1_193' title='bbox 257 1784 320 1842; x_wconf 88' lang='lat' dir='ltr'><strong>post</strong></span> <span class='ocrx_word' id='word_1_194' title='bbox 339 1775 396 1825; x_wconf 81' lang='lat' dir='ltr'><strong>iata</strong></span> <span class='ocrx_word' id='word_1_195' title='bbox 416 1775 535 1825; x_wconf 83' lang='lat' dir='ltr'><strong>relictum</strong></span> <span class='ocrx_word' id='word_1_196' title='bbox 556 1773 614 1826; x_wconf 68' lang='lat' dir='ltr'><strong>est!</strong></span> <span class='ocrx_word' id='word_1_197' title='bbox 646 1774 702 1825; x_wconf 82' lang='lat' dir='ltr'><strong>cic.</strong></span> <span class='ocrx_word' id='word_1_198' title='bbox 719 1774 788 1826; x_wconf 87' lang='lat' dir='ltr'><strong>Phil.</strong></span> <span class='ocrx_word' id='word_1_199' title='bbox 856 1778 896 1839; x_wconf 77' lang='lat' dir='ltr'><strong>§i</strong></span> <span class='ocrx_word' id='word_1_200' title='bbox 913 1772 1068 1837; x_wconf 78' lang='lat' dir='ltr'><strong>Ptsiemoets]</strong></span> <span class='ocrx_word' id='word_1_201' title='bbox 1086 1772 1186 1835; x_wconf 80' lang='lat' dir='ltr'><strong>Regum</strong></span> <span class='ocrx_word' id='word_1_202' title='bbox 1196 1771 1354 1836; x_wconf 76' lang='lat' dir='ltr'><strong>AEgyptise-</strong></span> 
     </span>
     <span class='ocr_line' id='line_1_20' title="bbox 256 1848 1353 1916; baseline -0.004 -11"><span class='ocrx_word' id='word_1_203' title='bbox 256 1857 333 1905; x_wconf 67' lang='lat' dir='ltr'><strong>md.</strong></span> <span class='ocrx_word' id='word_1_204' title='bbox 349 1852 488 1901; x_wconf 60' lang='lat' dir='ltr'><strong>umnec.</strong></span> <span class='ocrx_word' id='word_1_205' title='bbox 520 1851 611 1899; x_wconf 84' lang='lat' dir='ltr'><strong>Matisa</strong></span> <span class='ocrx_word' id='word_1_206' title='bbox 629 1850 652 1898; x_wconf 86' lang='lat' dir='ltr'><strong>si</strong></span> <span class='ocrx_word' id='word_1_207' title='bbox 669 1850 787 1912; x_wconf 70' lang='lat' dir='ltr'><strong>paisu-</strong></span> <span class='ocrx_word' id='word_1_208' title='bbox 823 1854 887 1903; x_wconf 83' lang='lat' dir='ltr'><strong>riam</strong></span> <span class='ocrx_word' id='word_1_209' title='bbox 906 1852 958 1903; x_wconf 85' lang='lat' dir='ltr'><strong>vid.</strong></span> <span class='ocrx_word' id='word_1_210' title='bbox 971 1866 1012 1916; x_wconf 86' lang='lat' dir='ltr'><strong>ap.</strong></span> <span class='ocrx_word' id='word_1_211' title='bbox 1026 1848 1194 1900; x_wconf 71' lang='lat' dir='ltr'><strong>strabun.</strong></span> <span class='ocrx_word' id='word_1_212' title='bbox 1226 1851 1353 1901; x_wconf 77' lang='lat' dir='ltr'><strong>Quadam</strong></span> 
     </span>
     <span class='ocr_line' id='line_1_21' title="bbox 256 1925 1158 1993; baseline -0.003 -16"><span class='ocrx_word' id='word_1_213' title='bbox 256 1929 412 1982; x_wconf 59' lang='lat' dir='ltr'><strong>annam</strong></span> <span class='ocrx_word' id='word_1_214' title='bbox 421 1932 488 1977; x_wconf 76' lang='lat' dir='ltr'><strong>curt.</strong></span> <span class='ocrx_word' id='word_1_215' title='bbox 504 1926 595 1975; x_wconf 79' lang='lat' dir='ltr'><strong>Faber.</strong></span> <span class='ocrx_word' id='word_1_216' title='bbox 613 1925 787 1977; x_wconf 83' lang='lat' dir='ltr'><strong>Cic.v.Fam.</strong></span> <span class='ocrx_word' id='word_1_217' title='bbox 823 1944 866 1993; x_wconf 84' lang='lat' dir='ltr'><strong>ap.</strong></span> <span class='ocrx_word' id='word_1_218' title='bbox 878 1926 994 1977; x_wconf 69' lang='lat' dir='ltr'><strong>Faucia</strong></span> <span class='ocrx_word' id='word_1_219' title='bbox 1005 1926 1062 1975; x_wconf 81' lang='lat' dir='ltr'><strong>Art.</strong></span> <span class='ocrx_word' id='word_1_220' title='bbox 1078 1926 1158 1987; x_wconf 69' lang='lat' dir='ltr'><strong>Bars-</strong></span> 
     </span>
     <span class='ocr_line' id='line_1_22' title="bbox 259 1998 1355 2064; baseline -0.006 -7"><span class='ocrx_word' id='word_1_221' title='bbox 259 2010 300 2057; x_wconf 84' lang='lat' dir='ltr'><strong>lu.</strong></span> <span class='ocrx_word' id='word_1_222' title='bbox 317 2004 366 2054; x_wconf 88' lang='lat' dir='ltr'><strong>‘In</strong></span> <span class='ocrx_word' id='word_1_223' title='bbox 377 2012 461 2055; x_wconf 86' lang='lat' dir='ltr'><strong>morte</strong></span> <span class='ocrx_word' id='word_1_224' title='bbox 471 2004 494 2053; x_wconf 94' lang='lat' dir='ltr'><strong>si</strong></span> <span class='ocrx_word' id='word_1_225' title='bbox 505 2002 618 2052; x_wconf 86' lang='lat' dir='ltr'><strong>resideat</strong></span> <span class='ocrx_word' id='word_1_226' title='bbox 627 2007 733 2053; x_wconf 66' lang='lat' dir='ltr'><strong>semus:</strong></span> <span class='ocrx_word' id='word_1_227' title='bbox 751 2004 787 2055; x_wconf 83' lang='lat' dir='ltr'><strong>Et</strong></span> <span class='ocrx_word' id='word_1_228' title='bbox 857 2002 999 2063; x_wconf 80' lang='lat' dir='ltr'><strong>Meritum,</strong></span> <span class='ocrx_word' id='word_1_229' title='bbox 1015 2000 1109 2063; x_wconf 79' lang='lat' dir='ltr'><strong>eontra]</strong></span> <span class='ocrx_word' id='word_1_230' title='bbox 1133 1998 1216 2049; x_wconf 84' lang='lat' dir='ltr'><strong>Scbis.</strong></span> <span class='ocrx_word' id='word_1_231' title='bbox 1237 1999 1355 2064; x_wconf 67' lang='lat' dir='ltr'><strong>prefert,</strong></span> 
     </span>
     <span class='ocr_line' id='line_1_23' title="bbox 257 2075 1355 2149; baseline -0.004 -16"><span class='ocrx_word' id='word_1_232' title='bbox 257 2096 296 2133; x_wconf 80' lang='lat' dir='ltr'><strong>vt.</strong></span> <span class='ocrx_word' id='word_1_233' title='bbox 308 2086 333 2132; x_wconf 79' lang='lat' dir='ltr'><strong>t.</strong></span> <span class='ocrx_word' id='word_1_234' title='bbox 349 2080 396 2149; x_wconf 83' lang='lat' dir='ltr'><strong>‘Si</strong></span> <span class='ocrx_word' id='word_1_235' title='bbox 406 2094 458 2129; x_wconf 90' lang='lat' dir='ltr'><strong>uon</strong></span> <span class='ocrx_word' id='word_1_236' title='bbox 468 2092 524 2142; x_wconf 87' lang='lat' dir='ltr'><strong>ero,</strong></span> <span class='ocrx_word' id='word_1_237' title='bbox 534 2092 610 2128; x_wconf 86' lang='lat' dir='ltr'><strong>seusu</strong></span> <span class='ocrx_word' id='word_1_238' title='bbox 625 2078 729 2128; x_wconf 86' lang='lat' dir='ltr'><strong>omniuo</strong></span> <span class='ocrx_word' id='word_1_239' title='bbox 745 2092 787 2129; x_wconf 86' lang='lat' dir='ltr'><strong>ca·</strong></span> <span class='ocrx_word' id='word_1_240' title='bbox 823 2079 892 2144; x_wconf 84' lang='lat' dir='ltr'><strong>quod</strong></span> <span class='ocrx_word' id='word_1_241' title='bbox 914 2078 977 2129; x_wconf 90' lang='lat' dir='ltr'><strong>editi</strong></span> <span class='ocrx_word' id='word_1_242' title='bbox 994 2076 1097 2141; x_wconf 87' lang='lat' dir='ltr'><strong>qrridam</strong></span> <span class='ocrx_word' id='word_1_243' title='bbox 1116 2075 1224 2139; x_wconf 80' lang='lat' dir='ltr'><strong>babent,</strong></span> <span class='ocrx_word' id='word_1_244' title='bbox 1242 2076 1355 2129; x_wconf 76' lang='lat' dir='ltr'><strong>moritur.</strong></span> 
     </span>
     <span class='ocr_line' id='line_1_24' title="bbox 215 2151 1355 2219; baseline -0.005 -12"><span class='ocrx_word' id='word_1_245' title='bbox 215 2178 220 2188; x_wconf 63' lang='lat'><strong><em>¹</em></strong></span> <span class='ocrx_word' id='word_1_246' title='bbox 258 2155 340 2207; x_wconf 66' lang='lat' dir='ltr'><strong>rabo!</strong></span> <span class='ocrx_word' id='word_1_247' title='bbox 360 2157 415 2206; x_wconf 75' lang='lat' dir='ltr'><strong>vor.</strong></span> <span class='ocrx_word' id='word_1_248' title='bbox 824 2156 851 2204; x_wconf 83' lang='lat' dir='ltr'><strong>Is</strong></span> <span class='ocrx_word' id='word_1_249' title='bbox 868 2159 959 2205; x_wconf 84' lang='lat' dir='ltr'><strong>costra.</strong></span> <span class='ocrx_word' id='word_1_250' title='bbox 990 2152 1088 2203; x_wconf 85' lang='lat' dir='ltr'><strong>Srtadet</strong></span> <span class='ocrx_word' id='word_1_251' title='bbox 1105 2151 1174 2217; x_wconf 89' lang='lat' dir='ltr'><strong>quod</strong></span> <span class='ocrx_word' id='word_1_252' title='bbox 1193 2166 1254 2201; x_wconf 86' lang='lat' dir='ltr'><strong>mox</strong></span> <span class='ocrx_word' id='word_1_253' title='bbox 1269 2152 1355 2219; x_wconf 65' lang='lat' dir='ltr'><strong>seom-</strong></span> 
     </span>
     <span class='ocr_line' id='line_1_25' title="bbox 291 2226 1354 2297; baseline -0.002 -16"><span class='ocrx_word' id='word_1_254' title='bbox 291 2235 349 2297; x_wconf 71' lang='lat'><strong>§19</strong></span> <span class='ocrx_word' id='word_1_255' title='bbox 372 2230 506 2294; x_wconf 83' lang='lat' dir='ltr'><strong>Dericriis]</strong></span> <span class='ocrx_word' id='word_1_256' title='bbox 533 2229 703 2280; x_wconf 66' lang='lat' dir='ltr'><strong>Dronbioetis</strong></span> <span class='ocrx_word' id='word_1_257' title='bbox 722 2230 789 2295; x_wconf 78' lang='lat' dir='ltr'><strong>legit</strong></span> <span class='ocrx_word' id='word_1_258' title='bbox 826 2239 877 2293; x_wconf 89' lang='lat' dir='ltr'><strong>tur,</strong></span> <span class='ocrx_word' id='word_1_259' title='bbox 899 2232 976 2279; x_wconf 87' lang='lat' dir='ltr'><strong>‘aute</strong></span> <span class='ocrx_word' id='word_1_260' title='bbox 994 2226 1188 2279; x_wconf 66' lang='lat' dir='ltr'><strong>infirmitatem?</strong></span> <span class='ocrx_word' id='word_1_261' title='bbox 1212 2228 1354 2281; x_wconf 81' lang='lat' dir='ltr'><strong>Berserrrr.</strong></span> 
     </span>
     <span class='ocr_line' id='line_1_26' title="bbox 258 2304 1355 2372; baseline -0.005 -13"><span class='ocrx_word' id='word_1_262' title='bbox 258 2307 393 2363; x_wconf 75' lang='lat' dir='ltr'><strong>Fabricius</strong></span> <span class='ocrx_word' id='word_1_263' title='bbox 403 2307 430 2356; x_wconf 91' lang='lat' dir='ltr'><strong>iu</strong></span> <span class='ocrx_word' id='word_1_264' title='bbox 441 2307 561 2357; x_wconf 70' lang='lat' dir='ltr'><strong>Omnes</strong></span> <span class='ocrx_word' id='word_1_265' title='bbox 580 2307 650 2357; x_wconf 84' lang='lat' dir='ltr'><strong>Piot.</strong></span> <span class='ocrx_word' id='word_1_266' title='bbox 666 2309 787 2359; x_wconf 85' lang='lat' dir='ltr'><strong>Demetr.</strong></span> <span class='ocrx_word' id='word_1_267' title='bbox 823 2306 990 2372; x_wconf 81' lang='lat' dir='ltr'><strong>Antiquiores</strong></span> <span class='ocrx_word' id='word_1_268' title='bbox 1007 2304 1075 2370; x_wconf 81' lang='lat' dir='ltr'><strong>typis</strong></span> <span class='ocrx_word' id='word_1_269' title='bbox 1093 2318 1167 2369; x_wconf 79' lang='lat' dir='ltr'><strong>capr.</strong></span> <span class='ocrx_word' id='word_1_270' title='bbox 1184 2304 1295 2355; x_wconf 65' lang='lat' dir='ltr'><strong>moritu.</strong></span> <span class='ocrx_word' id='word_1_271' title='bbox 1328 2304 1355 2353; x_wconf 82' lang='lat' dir='ltr'><strong>is</strong></span> 
     </span>
     <span class='ocr_line' id='line_1_27' title="bbox 258 2378 1354 2448; baseline -0.005 -11"><span class='ocrx_word' id='word_1_272' title='bbox 258 2389 299 2437; x_wconf 59' lang='grc' dir='ltr'><strong>ὄλ</strong></span> <span class='ocrx_word' id='word_1_273' title='bbox 316 2385 395 2435; x_wconf 84' lang='lat' dir='ltr'><strong>Paus.</strong></span> <span class='ocrx_word' id='word_1_274' title='bbox 404 2382 430 2431; x_wconf 90' lang='lat' dir='ltr'><strong>iu</strong></span> <span class='ocrx_word' id='word_1_275' title='bbox 442 2381 500 2433; x_wconf 73' lang='lat' dir='ltr'><strong>att.</strong></span> <span class='ocrx_word' id='word_1_276' title='bbox 511 2381 598 2433; x_wconf 86' lang='lat' dir='ltr'><strong>Strab.</strong></span> <span class='ocrx_word' id='word_1_277' title='bbox 610 2396 661 2433; x_wconf 78' lang='lat' dir='ltr'><strong>vit.</strong></span> <span class='ocrx_word' id='word_1_278' title='bbox 673 2383 716 2448; x_wconf 85' lang='lat' dir='ltr'><strong>qui</strong></span> <span class='ocrx_word' id='word_1_279' title='bbox 727 2398 787 2433; x_wconf 86' lang='lat' dir='ltr'><strong>eum</strong></span> <span class='ocrx_word' id='word_1_280' title='bbox 823 2390 914 2433; x_wconf 80' lang='lat' dir='ltr'><strong>costra.</strong></span> <span class='ocrx_word' id='word_1_281' title='bbox 948 2382 1050 2431; x_wconf 81' lang='lat' dir='ltr'><strong>Etcum</strong></span> <span class='ocrx_word' id='word_1_282' title='bbox 1069 2380 1154 2431; x_wconf 89' lang='lat' dir='ltr'><strong>Sebis.</strong></span> <span class='ocrx_word' id='word_1_283' title='bbox 1170 2378 1284 2444; x_wconf 74' lang='lat' dir='ltr'><strong>praefero</strong></span> <span class='ocrx_word' id='word_1_284' title='bbox 1303 2381 1354 2431; x_wconf 82' lang='lat' dir='ltr'><strong>boe</strong></span> 
     </span>
     <span class='ocr_line' id='line_1_28' title="bbox 259 2455 1353 2525; baseline -0.001 -13"><span class='ocrx_word' id='word_1_285' title='bbox 259 2461 387 2512; x_wconf 77' lang='lat' dir='ltr'><strong>Getarum</strong></span> <span class='ocrx_word' id='word_1_286' title='bbox 399 2472 485 2521; x_wconf 75' lang='lat' dir='ltr'><strong>regem</strong></span> <span class='ocrx_word' id='word_1_287' title='bbox 497 2455 606 2507; x_wconf 82' lang='lat' dir='ltr'><strong>iaciunt.</strong></span> <span class='ocrx_word' id='word_1_288' title='bbox 630 2459 686 2522; x_wconf 75' lang='lat' dir='ltr'><strong>Ego</strong></span> <span class='ocrx_word' id='word_1_289' title='bbox 696 2465 789 2508; x_wconf 87' lang='lat' dir='ltr'><strong>contra</strong></span> <span class='ocrx_word' id='word_1_290' title='bbox 825 2461 848 2510; x_wconf 88' lang='lat' dir='ltr'><strong>ei</strong></span> <span class='ocrx_word' id='word_1_291' title='bbox 858 2459 927 2525; x_wconf 87' lang='lat' dir='ltr'><strong>qnod</strong></span> <span class='ocrx_word' id='word_1_292' title='bbox 943 2459 1027 2520; x_wconf 81' lang='lat' dir='ltr'><strong>Boug.</strong></span> <span class='ocrx_word' id='word_1_293' title='bbox 1037 2458 1136 2517; x_wconf 77' lang='lat' dir='ltr'><strong>statuit,</strong></span> <span class='ocrx_word' id='word_1_294' title='bbox 1146 2459 1284 2521; x_wconf 65' lang='lat' dir='ltr'><strong>montursis,</strong></span> <span class='ocrx_word' id='word_1_295' title='bbox 1298 2474 1353 2511; x_wconf 83' lang='lat' dir='ltr'><strong>cort·</strong></span> 
     </span>
     <span class='ocr_line' id='line_1_29' title="bbox 257 2533 1354 2599; baseline -0.004 -12"><span class='ocrx_word' id='word_1_296' title='bbox 257 2537 338 2588; x_wconf 88' lang='lat' dir='ltr'><strong>libros</strong></span> <span class='ocrx_word' id='word_1_297' title='bbox 354 2535 420 2585; x_wconf 85' lang='lat' dir='ltr'><strong>uibii</strong></span> <span class='ocrx_word' id='word_1_298' title='bbox 437 2540 523 2583; x_wconf 89' lang='lat' dir='ltr'><strong>muto:</strong></span> <span class='ocrx_word' id='word_1_299' title='bbox 540 2546 625 2598; x_wconf 85' lang='lat' dir='ltr'><strong>neque</strong></span> <span class='ocrx_word' id='word_1_300' title='bbox 641 2548 734 2582; x_wconf 84' lang='lat' dir='ltr'><strong>uorum</strong></span> <span class='ocrx_word' id='word_1_301' title='bbox 746 2539 788 2583; x_wconf 84' lang='lat' dir='ltr'><strong>est</strong></span> <span class='ocrx_word' id='word_1_302' title='bbox 824 2542 871 2587; x_wconf 84' lang='lat' dir='ltr'><strong>tro.</strong></span> <span class='ocrx_word' id='word_1_303' title='bbox 904 2534 1002 2585; x_wconf 83' lang='lat' dir='ltr'><strong>Suadet</strong></span> <span class='ocrx_word' id='word_1_304' title='bbox 1014 2533 1040 2582; x_wconf 94' lang='lat' dir='ltr'><strong>id</strong></span> <span class='ocrx_word' id='word_1_305' title='bbox 1053 2533 1122 2598; x_wconf 86' lang='lat' dir='ltr'><strong>quod</strong></span> <span class='ocrx_word' id='word_1_306' title='bbox 1138 2534 1281 2599; x_wconf 84' lang='lat' dir='ltr'><strong>sequitur,‘</strong></span> <span class='ocrx_word' id='word_1_307' title='bbox 1291 2540 1354 2585; x_wconf 81' lang='lat' dir='ltr'><strong>ante</strong></span> 
     </span>
     <span class='ocr_line' id='line_1_30' title="bbox 258 2607 1353 2682; baseline -0.003 -20"><span class='ocrx_word' id='word_1_308' title='bbox 258 2612 433 2682; x_wconf 65' lang='lat' dir='ltr'><strong>ilistoriarum</strong></span> <span class='ocrx_word' id='word_1_309' title='bbox 454 2609 597 2673; x_wconf 86' lang='lat' dir='ltr'><strong>scriptores</strong></span> <span class='ocrx_word' id='word_1_310' title='bbox 618 2609 644 2657; x_wconf 96' lang='lat' dir='ltr'><strong>iu</strong></span> <span class='ocrx_word' id='word_1_311' title='bbox 668 2607 787 2659; x_wconf 84' lang='lat' dir='ltr'><strong>barbaris</strong></span> <span class='ocrx_word' id='word_1_312' title='bbox 824 2608 1017 2661; x_wconf 67' lang='lat' dir='ltr'><strong>infirmitatem!</strong></span> <span class='ocrx_word' id='word_1_313' title='bbox 1051 2608 1120 2661; x_wconf 83' lang='lat' dir='ltr'><strong>Quia</strong></span> <span class='ocrx_word' id='word_1_314' title='bbox 1134 2607 1353 2660; x_wconf 79' lang='lat' dir='ltr'><strong>secitaateiutir·</strong></span> 
     </span>
     <span class='ocr_line' id='line_1_31' title="bbox 257 2682 1357 2749; baseline -0.002 -10"><span class='ocrx_word' id='word_1_315' title='bbox 257 2686 517 2739; x_wconf 81' lang='lat' dir='ltr'><strong>nomiaibnsvarisre.</strong></span> <span class='ocrx_word' id='word_1_316' title='bbox 533 2686 654 2747; x_wconf 72' lang='lat' dir='ltr'><strong>Bosgurs·</strong></span> <span class='ocrx_word' id='word_1_317' title='bbox 677 2683 790 2735; x_wconf 80' lang='lat' dir='ltr'><strong>Notavit</strong></span> <span class='ocrx_word' id='word_1_318' title='bbox 824 2686 952 2749; x_wconf 86' lang='lat' dir='ltr'><strong>mitatem,</strong></span> <span class='ocrx_word' id='word_1_319' title='bbox 962 2699 1012 2733; x_wconf 89' lang='lat' dir='ltr'><strong>non</strong></span> <span class='ocrx_word' id='word_1_320' title='bbox 1029 2682 1094 2735; x_wconf 82' lang='lat' dir='ltr'><strong>iecit</strong></span> <span class='ocrx_word' id='word_1_321' title='bbox 1106 2684 1255 2735; x_wconf 89' lang='lat' dir='ltr'><strong>moriturus.</strong></span> <span class='ocrx_word' id='word_1_322' title='bbox 1274 2686 1357 2738; x_wconf 80' lang='lat' dir='ltr'><strong>Verri.</strong></span> 
     </span>
     <span class='ocr_line' id='line_1_32' title="bbox 258 2759 1354 2827; baseline 0.002 -16"><span class='ocrx_word' id='word_1_323' title='bbox 258 2764 342 2827; x_wconf 61' lang='grc' dir='ltr'><strong>Βοῦς.</strong></span> <span class='ocrx_word' id='word_1_324' title='bbox 352 2762 475 2826; x_wconf 84' lang='lat' dir='ltr'><strong>quosdam</strong></span> <span class='ocrx_word' id='word_1_325' title='bbox 483 2761 553 2827; x_wconf 76' lang='lat' dir='ltr'><strong>typis</strong></span> <span class='ocrx_word' id='word_1_326' title='bbox 563 2774 679 2824; x_wconf 80' lang='lat' dir='ltr'><strong>express.</strong></span> <span class='ocrx_word' id='word_1_327' title='bbox 690 2759 788 2809; x_wconf 87' lang='lat' dir='ltr'><strong>babere</strong></span> <span class='ocrx_word' id='word_1_328' title='bbox 825 2762 939 2811; x_wconf 77' lang='lat' dir='ltr'><strong>Moritur.</strong></span> <span class='ocrx_word' id='word_1_329' title='bbox 956 2760 991 2824; x_wconf 85' lang='lat' dir='ltr'><strong>Is,</strong></span> <span class='ocrx_word' id='word_1_330' title='bbox 1001 2760 1115 2810; x_wconf 87' lang='lat' dir='ltr'><strong>restituit</strong></span> <span class='ocrx_word' id='word_1_331' title='bbox 1123 2775 1153 2809; x_wconf 81' lang='lat' dir='ltr'><strong>ex</strong></span> <span class='ocrx_word' id='word_1_332' title='bbox 1163 2760 1354 2827; x_wconf 73' lang='lat' dir='ltr'><strong>antiquioribus</strong></span> 
     </span>
     <span class='ocr_line' id='line_1_33' title="bbox 258 2836 1354 2901; baseline 0.003 -16"><span class='ocrx_word' id='word_1_333' title='bbox 258 2837 438 2900; x_wconf 80' lang='lat' dir='ltr'><strong>Daorsicisoetis,</strong></span> <span class='ocrx_word' id='word_1_334' title='bbox 453 2843 484 2887; x_wconf 87' lang='lat' dir='ltr'><strong>ut</strong></span> <span class='ocrx_word' id='word_1_335' title='bbox 498 2836 585 2886; x_wconf 79' lang='lat' dir='ltr'><strong>strab.</strong></span> <span class='ocrx_word' id='word_1_336' title='bbox 605 2842 634 2885; x_wconf 91' lang='lat' dir='ltr'><strong>et</strong></span> <span class='ocrx_word' id='word_1_337' title='bbox 643 2836 716 2887; x_wconf 89' lang='lat' dir='ltr'><strong>Piut.</strong></span> <span class='ocrx_word' id='word_1_338' title='bbox 727 2850 787 2886; x_wconf 85' lang='lat' dir='ltr'><strong>euru</strong></span> <span class='ocrx_word' id='word_1_339' title='bbox 825 2838 913 2889; x_wconf 82' lang='lat' dir='ltr'><strong>Vorst.</strong></span> <span class='ocrx_word' id='word_1_340' title='bbox 929 2836 1011 2897; x_wconf 65' lang='lat' dir='ltr'><strong>Sedes.</strong></span> <span class='ocrx_word' id='word_1_341' title='bbox 1043 2836 1244 2901; x_wconf 78' lang='lat' dir='ltr'><strong>Adstipuiautur</strong></span> <span class='ocrx_word' id='word_1_342' title='bbox 1254 2839 1354 2894; x_wconf 82' lang='lat' dir='ltr'><strong>Juutas.</strong></span> 
     </span>
     <span class='ocr_line' id='line_1_34' title="bbox 258 2912 906 2965; baseline 0.003 -2"><span class='ocrx_word' id='word_1_343' title='bbox 258 2920 365 2965; x_wconf 79' lang='lat' dir='ltr'><strong>vocant.</strong></span> <span class='ocrx_word' id='word_1_344' title='bbox 397 2914 466 2965; x_wconf 80' lang='lat' dir='ltr'><strong>Quis</strong></span> <span class='ocrx_word' id='word_1_345' title='bbox 481 2919 570 2963; x_wconf 86' lang='lat' dir='ltr'><strong>tamen</strong></span> <span class='ocrx_word' id='word_1_346' title='bbox 585 2912 613 2962; x_wconf 88' lang='lat' dir='ltr'><strong>in</strong></span> <span class='ocrx_word' id='word_1_347' title='bbox 632 2913 708 2963; x_wconf 82' lang='lat' dir='ltr'><strong>codd.</strong></span> <span class='ocrx_word' id='word_1_348' title='bbox 724 2914 788 2963; x_wconf 67' lang='grc' dir='ltr'><strong>Μαι.</strong></span> <span class='ocrx_word' id='word_1_349' title='bbox 826 2914 906 2965; x_wconf 83' lang='lat' dir='ltr'><strong>Groea.</strong></span> 
     </span>
     <span class='ocr_line' id='line_1_35' title="bbox 257 2988 1352 3055; baseline 0.002 -14"><span class='ocrx_word' id='word_1_350' title='bbox 257 2990 356 3055; x_wconf 85' lang='lat' dir='ltr'><strong>reperit</strong></span> <span class='ocrx_word' id='word_1_351' title='bbox 366 2989 498 3051; x_wconf 65' lang='lat' dir='ltr'><strong>Dorionis,</strong></span> <span class='ocrx_word' id='word_1_352' title='bbox 509 2988 571 3038; x_wconf 87' lang='lat' dir='ltr'><strong>nibil</strong></span> <span class='ocrx_word' id='word_1_353' title='bbox 585 2988 699 3039; x_wconf 74' lang='lat' dir='ltr'><strong>mtrmnd.</strong></span> <span class='ocrx_word' id='word_1_354' title='bbox 712 2996 787 3053; x_wconf 87' lang='lat' dir='ltr'><strong>puta·</strong></span> <span class='ocrx_word' id='word_1_355' title='bbox 858 2993 994 3053; x_wconf 73' lang='lat' dir='ltr'><strong>contraius</strong></span> <span class='ocrx_word' id='word_1_356' title='bbox 1002 2991 1118 3054; x_wconf 65' lang='lat' dir='ltr'><strong>ganan,</strong></span> <span class='ocrx_word' id='word_1_357' title='bbox 1129 2991 1183 3055; x_wconf 63' lang='lat' dir='ltr'><strong>dc]</strong></span> <span class='ocrx_word' id='word_1_358' title='bbox 1200 2993 1277 3043; x_wconf 87' lang='lat' dir='ltr'><strong>Unde</strong></span> <span class='ocrx_word' id='word_1_359' title='bbox 1288 2993 1352 3045; x_wconf 80' lang='lat' dir='ltr'><strong>Pcr-</strong></span> 
     </span>
     <span class='ocr_line' id='line_1_36' title="bbox 257 3065 1354 3131; baseline 0.005 -16"><span class='ocrx_word' id='word_1_360' title='bbox 257 3067 307 3117; x_wconf 82' lang='lat' dir='ltr'><strong>sit.</strong></span> <span class='ocrx_word' id='word_1_361' title='bbox 338 3065 406 3115; x_wconf 80' lang='lat' dir='ltr'><strong>biibi</strong></span> <span class='ocrx_word' id='word_1_362' title='bbox 424 3078 483 3115; x_wconf 84' lang='lat' dir='ltr'><strong>cunr</strong></span> <span class='ocrx_word' id='word_1_363' title='bbox 504 3065 621 3116; x_wconf 78' lang='lat' dir='ltr'><strong>Gronov.</strong></span> <span class='ocrx_word' id='word_1_364' title='bbox 638 3066 666 3115; x_wconf 90' lang='lat' dir='ltr'><strong>in</strong></span> <span class='ocrx_word' id='word_1_365' title='bbox 684 3065 731 3115; x_wconf 89' lang='lat' dir='ltr'><strong>lib.</strong></span> <span class='ocrx_word' id='word_1_366' title='bbox 748 3079 788 3117; x_wconf 79' lang='grc' dir='ltr'><strong>ιν.</strong></span> <span class='ocrx_word' id='word_1_367' title='bbox 824 3082 881 3117; x_wconf 83' lang='lat' dir='ltr'><strong>aeas</strong></span> <span class='ocrx_word' id='word_1_368' title='bbox 900 3082 943 3131; x_wconf 88' lang='lat' dir='ltr'><strong>ap.</strong></span> <span class='ocrx_word' id='word_1_369' title='bbox 954 3067 1009 3117; x_wconf 80' lang='lat' dir='ltr'><strong>biv.</strong></span> <span class='ocrx_word' id='word_1_370' title='bbox 1020 3081 1065 3119; x_wconf 75' lang='grc' dir='ltr'><strong>ιι..</strong></span> <span class='ocrx_word' id='word_1_371' title='bbox 1080 3072 1105 3117; x_wconf 81' lang='grc'><strong>9.</strong></span> <span class='ocrx_word' id='word_1_372' title='bbox 1117 3072 1141 3117; x_wconf 83' lang='grc'><strong>8.</strong></span> <span class='ocrx_word' id='word_1_373' title='bbox 1151 3067 1257 3119; x_wconf 83' lang='lat' dir='ltr'><strong>fratrem</strong></span> <span class='ocrx_word' id='word_1_374' title='bbox 1270 3068 1354 3121; x_wconf 84' lang='lat' dir='ltr'><strong>iaces·</strong></span> 
     </span>
     <span class='ocr_line' id='line_1_37' title="bbox 258 3140 1357 3212; baseline 0.001 -17"><span class='ocrx_word' id='word_1_375' title='bbox 258 3142 323 3195; x_wconf 80' lang='lat' dir='ltr'><strong>Obr.</strong></span> <span class='ocrx_word' id='word_1_376' title='bbox 351 3140 382 3190; x_wconf 76' lang='lat' dir='ltr'><strong>rb</strong></span> <span class='ocrx_word' id='word_1_377' title='bbox 408 3141 530 3191; x_wconf 80' lang='lat' dir='ltr'><strong>Dorirctis</strong></span> <span class='ocrx_word' id='word_1_378' title='bbox 554 3148 702 3206; x_wconf 86' lang='lat' dir='ltr'><strong>suspectum</strong></span> <span class='ocrx_word' id='word_1_379' title='bbox 729 3147 785 3205; x_wconf 84' lang='lat' dir='ltr'><strong>est;</strong></span> <span class='ocrx_word' id='word_1_380' title='bbox 823 3158 900 3195; x_wconf 81' lang='lat' dir='ltr'><strong>reus:</strong></span> <span class='ocrx_word' id='word_1_381' title='bbox 922 3146 1059 3209; x_wconf 76' lang='lat' dir='ltr'><strong>‘Regnare</strong></span> <span class='ocrx_word' id='word_1_382' title='bbox 1078 3143 1168 3209; x_wconf 87' lang='lat' dir='ltr'><strong>utique</strong></span> <span class='ocrx_word' id='word_1_383' title='bbox 1187 3144 1242 3207; x_wconf 84' lang='lat' dir='ltr'><strong>vis‚&#39;</strong></span> <span class='ocrx_word' id='word_1_384' title='bbox 1260 3146 1357 3212; x_wconf 83' lang='lat' dir='ltr'><strong>iuquit,</strong></span> 
     </span>
     <span class='ocr_line' id='line_1_38' title="bbox 258 3219 1355 3286; baseline 0.004 -17"><span class='ocrx_word' id='word_1_385' title='bbox 258 3220 327 3286; x_wconf 75' lang='lat' dir='ltr'><strong>qood</strong></span> <span class='ocrx_word' id='word_1_386' title='bbox 344 3219 456 3284; x_wconf 81' lang='lat' dir='ltr'><strong>rideam,</strong></span> <span class='ocrx_word' id='word_1_387' title='bbox 467 3227 581 3270; x_wconf 83' lang='lat' dir='ltr'><strong>ueterem</strong></span> <span class='ocrx_word' id='word_1_388' title='bbox 597 3234 699 3285; x_wconf 86' lang='lat' dir='ltr'><strong>quoque</strong></span> <span class='ocrx_word' id='word_1_389' title='bbox 717 3220 789 3270; x_wconf 90' lang='lat' dir='ltr'><strong>Proi.</strong></span> <span class='ocrx_word' id='word_1_390' title='bbox 823 3220 902 3269; x_wconf 82' lang='lat' dir='ltr'><strong>‘huic</strong></span> <span class='ocrx_word' id='word_1_391' title='bbox 914 3220 970 3284; x_wconf 84' lang='lat' dir='ltr'><strong>spei</strong></span> <span class='ocrx_word' id='word_1_392' title='bbox 982 3226 1033 3269; x_wconf 77' lang='lat' dir='ltr'><strong>tues</strong></span> <span class='ocrx_word' id='word_1_393' title='bbox 1049 3219 1136 3270; x_wconf 85' lang='lat' dir='ltr'><strong>obstat</strong></span> <span class='ocrx_word' id='word_1_394' title='bbox 1154 3226 1217 3271; x_wconf 77' lang='lat' dir='ltr'><strong>aras</strong></span> <span class='ocrx_word' id='word_1_395' title='bbox 1230 3222 1355 3285; x_wconf 86' lang='lat' dir='ltr'><strong>mes‚ub·</strong></span> 
     </span>
     <span class='ocr_line' id='line_1_39' title="bbox 256 3293 1356 3360; baseline -0.002 -13"><span class='ocrx_word' id='word_1_396' title='bbox 256 3293 679 3360; x_wconf 83' lang='lat' dir='ltr'><strong>bnj.lib.bsbcro‘Dromictrctc,&#39;</strong></span> <span class='ocrx_word' id='word_1_397' title='bbox 690 3296 787 3358; x_wconf 86' lang='lat' dir='ltr'><strong>ipsum·</strong></span> <span class='ocrx_word' id='word_1_398' title='bbox 825 3304 879 3351; x_wconf 81' lang='lat' dir='ltr'><strong>stat</strong></span> <span class='ocrx_word' id='word_1_399' title='bbox 898 3310 1025 3347; x_wconf 77' lang='lat' dir='ltr'><strong>erratura</strong></span> <span class='ocrx_word' id='word_1_400' title='bbox 1042 3310 1106 3347; x_wconf 79' lang='lat' dir='ltr'><strong>sus:</strong></span> <span class='ocrx_word' id='word_1_401' title='bbox 1123 3296 1213 3347; x_wconf 78' lang='lat' dir='ltr'><strong>obstat</strong></span> <span class='ocrx_word' id='word_1_402' title='bbox 1234 3305 1356 3350; x_wconf 62' lang='lat' dir='ltr'><strong>vetustas,</strong></span> 
     </span>
     <span class='ocr_line' id='line_1_40' title="bbox 257 3370 1355 3441; baseline 0.004 -19"><span class='ocrx_word' id='word_1_403' title='bbox 257 3387 309 3437; x_wconf 79' lang='lat' dir='ltr'><strong>que</strong></span> <span class='ocrx_word' id='word_1_404' title='bbox 327 3372 443 3435; x_wconf 71' lang='lat' dir='ltr'><strong>Trogum</strong></span> <span class='ocrx_word' id='word_1_405' title='bbox 461 3372 500 3422; x_wconf 84' lang='lat' dir='ltr'><strong>sic</strong></span> <span class='ocrx_word' id='word_1_406' title='bbox 520 3370 652 3435; x_wconf 85' lang='lat' dir='ltr'><strong>scripsisse</strong></span> <span class='ocrx_word' id='word_1_407' title='bbox 669 3384 788 3435; x_wconf 66' lang='lat' dir='ltr'><strong>arguere.</strong></span> <span class='ocrx_word' id='word_1_408' title='bbox 823 3372 985 3423; x_wconf 69' lang='lat' dir='ltr'><strong>Macedonia</strong></span> <span class='ocrx_word' id='word_1_409' title='bbox 1005 3372 1080 3437; x_wconf 83' lang='lat' dir='ltr'><strong>mos‚&#39;</strong></span> <span class='ocrx_word' id='word_1_410' title='bbox 1099 3376 1149 3423; x_wconf 70' lang='lat' dir='ltr'><strong>dac.</strong></span> <span class='ocrx_word' id='word_1_411' title='bbox 1182 3374 1355 3441; x_wconf 80' lang='lat' dir='ltr'><strong>vidquoque</strong></span> 
     </span>
     <span class='ocr_line' id='line_1_41' title="bbox 260 3447 1354 3513; baseline 0.005 -14"><span class='ocrx_word' id='word_1_412' title='bbox 260 3448 318 3503; x_wconf 77' lang='lat' dir='ltr'><strong>Ver.</strong></span> <span class='ocrx_word' id='word_1_413' title='bbox 823 3454 913 3501; x_wconf 86' lang='lat' dir='ltr'><strong>notata</strong></span> <span class='ocrx_word' id='word_1_414' title='bbox 923 3448 1042 3513; x_wconf 85' lang='lat' dir='ltr'><strong>superius</strong></span> <span class='ocrx_word' id='word_1_415' title='bbox 1052 3447 1084 3498; x_wconf 84' lang='lat' dir='ltr'><strong>ad</strong></span> <span class='ocrx_word' id='word_1_416' title='bbox 1098 3462 1131 3499; x_wconf 87' lang='grc' dir='ltr'><strong>ιι.</strong></span> <span class='ocrx_word' id='word_1_417' title='bbox 1142 3454 1183 3501; x_wconf 85' lang='lat' dir='ltr'><strong>tu.</strong></span> <span class='ocrx_word' id='word_1_418' title='bbox 1193 3454 1219 3501; x_wconf 83' lang='lat'><strong>2.</strong></span> <span class='ocrx_word' id='word_1_419' title='bbox 1230 3457 1258 3501; x_wconf 85' lang='lat' dir='ltr'><strong>et</strong></span> <span class='ocrx_word' id='word_1_420' title='bbox 1269 3464 1299 3502; x_wconf 79' lang='lat' dir='ltr'><strong>r.</strong></span> <span class='ocrx_word' id='word_1_421' title='bbox 1310 3455 1354 3504; x_wconf 84' lang='lat' dir='ltr'><strong>lt.</strong></span> 
     </span>
     <span class='ocr_line' id='line_1_42' title="bbox 288 3522 943 3586; baseline 0.003 -13"><span class='ocrx_word' id='word_1_422' title='bbox 288 3524 409 3574; x_wconf 72' lang='lat' dir='ltr'><strong>Aduersus</strong></span> <span class='ocrx_word' id='word_1_423' title='bbox 419 3523 484 3586; x_wconf 79' lang='lat' dir='ltr'><strong>eura]</strong></span> <span class='ocrx_word' id='word_1_424' title='bbox 507 3523 561 3573; x_wconf 84' lang='lat' dir='ltr'><strong>Ma.</strong></span> <span class='ocrx_word' id='word_1_425' title='bbox 573 3529 602 3573; x_wconf 84' lang='lat' dir='ltr'><strong>ct</strong></span> <span class='ocrx_word' id='word_1_426' title='bbox 612 3524 635 3573; x_wconf 85' lang='lat'><strong>1.</strong></span> <span class='ocrx_word' id='word_1_427' title='bbox 649 3522 715 3573; x_wconf 82' lang='lat' dir='ltr'><strong>benc</strong></span> <span class='ocrx_word' id='word_1_428' title='bbox 732 3526 788 3577; x_wconf 86' lang='lat' dir='ltr'><strong>ndu.</strong></span> <span class='ocrx_word' id='word_1_429' title='bbox 823 3529 848 3575; x_wconf 77' lang='lat'><strong>2.</strong></span> <span class='ocrx_word' id='word_1_430' title='bbox 865 3524 943 3575; x_wconf 79' lang='lat' dir='ltr'><strong>Beris.</strong></span> 
     </span>
     <span class='ocr_line' id='line_1_43' title="bbox 257 3596 1354 3667; baseline 0.004 -16"><span class='ocrx_word' id='word_1_431' title='bbox 257 3598 414 3651; x_wconf 68' lang='lat' dir='ltr'><strong>Deranrian.</strong></span> <span class='ocrx_word' id='word_1_432' title='bbox 441 3596 697 3650; x_wconf 58' lang='lat' dir='ltr'><strong>normannicos</strong></span> <span class='ocrx_word' id='word_1_433' title='bbox 707 3601 787 3651; x_wconf 79' lang='lat' dir='ltr'><strong>Beris.</strong></span> <span class='ocrx_word' id='word_1_434' title='bbox 830 3656 833 3661; x_wconf 50' lang='grc'><strong>,</strong></span> <span class='ocrx_word' id='word_1_435' title='bbox 856 3600 958 3651; x_wconf 71' lang='lat' dir='ltr'><strong>Mision</strong></span> <span class='ocrx_word' id='word_1_436' title='bbox 979 3605 1038 3651; x_wconf 80' lang='lat' dir='ltr'><strong>sats</strong></span> <span class='ocrx_word' id='word_1_437' title='bbox 1053 3616 1084 3652; x_wconf 72' lang='lat' dir='ltr'><strong>ea</strong></span> <span class='ocrx_word' id='word_1_438' title='bbox 1102 3601 1178 3667; x_wconf 68' lang='lat' dir='ltr'><strong>filiis]</strong></span> <span class='ocrx_word' id='word_1_439' title='bbox 1209 3602 1354 3655; x_wconf 68' lang='lat' dir='ltr'><strong>Ptolemaeo</strong></span> 
     </span>
     <span class='ocr_line' id='line_1_44' title="bbox 291 3674 1355 3743; baseline 0.008 -20"><span class='ocrx_word' id='word_1_440' title='bbox 291 3674 400 3723; x_wconf 64' lang='lat' dir='ltr'><strong>Canu.</strong></span> <span class='ocrx_word' id='word_1_441' title='bbox 433 3675 473 3736; x_wconf 77' lang='lat'><strong>§1</strong></span> <span class='ocrx_word' id='word_1_442' title='bbox 501 3674 657 3725; x_wconf 64' lang='lat' dir='ltr'><strong>ceam</strong></span> <span class='ocrx_word' id='word_1_443' title='bbox 674 3692 788 3740; x_wconf 68' lang='lat' dir='ltr'><strong>ocum</strong></span> <span class='ocrx_word' id='word_1_444' title='bbox 823 3678 1004 3743; x_wconf 76' lang='lat' dir='ltr'><strong>Philadelpho,</strong></span> <span class='ocrx_word' id='word_1_445' title='bbox 1016 3686 1076 3729; x_wconf 85' lang='lat' dir='ltr'><strong>usto</strong></span> <span class='ocrx_word' id='word_1_446' title='bbox 1088 3693 1122 3729; x_wconf 86' lang='lat' dir='ltr'><strong>ex</strong></span> <span class='ocrx_word' id='word_1_447' title='bbox 1132 3678 1270 3732; x_wconf 83' lang='lat' dir='ltr'><strong>Berenice.</strong></span> <span class='ocrx_word' id='word_1_448' title='bbox 1287 3681 1355 3732; x_wconf 84' lang='lat' dir='ltr'><strong>Nati</strong></span> 
     </span>
     <span class='ocr_line' id='line_1_45' title="bbox 255 3748 1384 3818; baseline 0.006 -18"><span class='ocrx_word' id='word_1_449' title='bbox 255 3748 551 3812; x_wconf 47' lang='lat' dir='ltr'><strong>mauronte]</strong></span> <span class='ocrx_word' id='word_1_450' title='bbox 567 3750 788 3814; x_wconf 83' lang='lat' dir='ltr'><strong>Vereor‚uebuic</strong></span> <span class='ocrx_word' id='word_1_451' title='bbox 824 3761 912 3805; x_wconf 86' lang='lat' dir='ltr'><strong>autem</strong></span> <span class='ocrx_word' id='word_1_452' title='bbox 933 3769 966 3803; x_wconf 83' lang='lat' dir='ltr'><strong>cx</strong></span> <span class='ocrx_word' id='word_1_453' title='bbox 986 3754 1117 3817; x_wconf 80' lang='lat' dir='ltr'><strong>Eurydice</strong></span> <span class='ocrx_word' id='word_1_454' title='bbox 1138 3769 1217 3818; x_wconf 74' lang='lat' dir='ltr'><strong>reguo</strong></span> <span class='ocrx_word' id='word_1_455' title='bbox 1233 3756 1355 3816; x_wconf 85' lang='lat' dir='ltr'><strong>exclpde-</strong></span> <span class='ocrx_word' id='word_1_456' title='bbox 1381 3788 1384 3799; x_wconf 87' lang='lat'><em>·</em></span> 
     </span>
     <span class='ocr_line' id='line_1_46' title="bbox 256 3823 1354 3893; baseline 0.002 -18"><span class='ocrx_word' id='word_1_457' title='bbox 256 3823 353 3886; x_wconf 58' lang='lat' dir='ltr'><strong>⁴niuno</strong></span> <span class='ocrx_word' id='word_1_458' title='bbox 374 3824 510 3887; x_wconf 85' lang='lat' dir='ltr'><strong>acciderit,</strong></span> <span class='ocrx_word' id='word_1_459' title='bbox 526 3826 594 3889; x_wconf 86' lang='lat' dir='ltr'><strong>quod</strong></span> <span class='ocrx_word' id='word_1_460' title='bbox 612 3826 660 3889; x_wconf 89' lang='lat' dir='ltr'><strong>iili,</strong></span> <span class='ocrx_word' id='word_1_461' title='bbox 679 3830 725 3892; x_wconf 89' lang='lat' dir='ltr'><strong>qni</strong></span> <span class='ocrx_word' id='word_1_462' title='bbox 745 3835 788 3879; x_wconf 86' lang='lat' dir='ltr'><strong>est</strong></span> <span class='ocrx_word' id='word_1_463' title='bbox 823 3829 1105 3893; x_wconf 82' lang='lat' dir='ltr'><strong>bantur‚vcbcrueater</strong></span> <span class='ocrx_word' id='word_1_464' title='bbox 1118 3829 1286 3883; x_wconf 86' lang='lat' dir='ltr'><strong>dissuadente</strong></span> <span class='ocrx_word' id='word_1_465' title='bbox 1301 3832 1354 3883; x_wconf 89' lang='lat' dir='ltr'><strong>De.</strong></span> 
     </span>
    </p>
   </div>
   <div class='ocr_carea' id='block_1_5' title="bbox 257 3899 1354 4275">
    <p class='ocr_par' dir='ltr' id='par_1_5' title="bbox 257 3899 1354 4275">
     <span class='ocr_line' id='line_1_47' title="bbox 257 3899 1353 3973; baseline 0.004 -20"><span class='ocrx_word' id='word_1_466' title='bbox 257 3912 304 3953; x_wconf 80' lang='lat' dir='ltr'><strong>xv.</strong></span> <span class='ocrx_word' id='word_1_467' title='bbox 315 3906 341 3953; x_wconf 75' lang='lat'><strong>2.</strong></span> <span class='ocrx_word' id='word_1_468' title='bbox 371 3899 500 3965; x_wconf 77' lang='lat' dir='ltr'><strong>Euaidcru</strong></span> <span class='ocrx_word' id='word_1_469' title='bbox 520 3906 549 3949; x_wconf 86' lang='lat' dir='ltr'><strong>et</strong></span> <span class='ocrx_word' id='word_1_470' title='bbox 565 3900 631 3951; x_wconf 82' lang='lat' dir='ltr'><strong>isaac</strong></span> <span class='ocrx_word' id='word_1_471' title='bbox 649 3903 787 3957; x_wconf 79' lang='lat' dir='ltr'><strong>Ptolomaei</strong></span> <span class='ocrx_word' id='word_1_472' title='bbox 823 3906 916 3955; x_wconf 80' lang='lat' dir='ltr'><strong>mettio</strong></span> <span class='ocrx_word' id='word_1_473' title='bbox 935 3904 1072 3968; x_wconf 84' lang='lat' dir='ltr'><strong>Phalereo,</strong></span> <span class='ocrx_word' id='word_1_474' title='bbox 1091 3913 1121 3956; x_wconf 89' lang='lat' dir='ltr'><strong>ut</strong></span> <span class='ocrx_word' id='word_1_475' title='bbox 1139 3905 1231 3957; x_wconf 85' lang='lat' dir='ltr'><strong>scribit</strong></span> <span class='ocrx_word' id='word_1_476' title='bbox 1250 3906 1275 3955; x_wconf 90' lang='lat' dir='ltr'><strong>iu</strong></span> <span class='ocrx_word' id='word_1_477' title='bbox 1294 3906 1353 3973; x_wconf 88' lang='lat' dir='ltr'><strong>ejus</strong></span> 
     </span>
     <span class='ocr_line' id='line_1_48' title="bbox 257 3977 1354 4043; baseline 0.005 -14"><span class='ocrx_word' id='word_1_478' title='bbox 257 3977 787 4040; x_wconf 74' lang='lat' dir='ltr'><strong>ermenterisconjsuctiouemuonfuisse</strong></span> <span class='ocrx_word' id='word_1_479' title='bbox 823 3980 1118 4043; x_wconf 72' lang='lat' dir='ltr'><strong>VitsDiogcuesbaiirt.</strong></span> <span class='ocrx_word' id='word_1_480' title='bbox 1135 3981 1211 4031; x_wconf 79' lang='lat' dir='ltr'><strong>Idem.</strong></span> <span class='ocrx_word' id='word_1_481' title='bbox 1245 3982 1354 4036; x_wconf 76' lang='lat' dir='ltr'><strong>unctas.</strong></span> 
     </span>
     <span class='ocr_line' id='line_1_49' title="bbox 257 4051 1354 4122; baseline 0.005 -21"><span class='ocrx_word' id='word_1_482' title='bbox 257 4051 377 4117; x_wconf 78' lang='lat' dir='ltr'><strong>prinam,</strong></span> <span class='ocrx_word' id='word_1_483' title='bbox 392 4068 488 4103; x_wconf 83' lang='lat' dir='ltr'><strong>verunt·</strong></span> <span class='ocrx_word' id='word_1_484' title='bbox 520 4053 643 4103; x_wconf 82' lang='lat' dir='ltr'><strong>Atniutis</strong></span> <span class='ocrx_word' id='word_1_485' title='bbox 656 4056 787 4119; x_wconf 74' lang='lat' dir='ltr'><strong>iongeab·</strong></span> <span class='ocrx_word' id='word_1_486' title='bbox 824 4056 965 4109; x_wconf 79' lang='lat' dir='ltr'><strong>Macrobiis</strong></span> <span class='ocrx_word' id='word_1_487' title='bbox 992 4073 1018 4122; x_wconf 93' lang='lat' dir='ltr'><strong>p.</strong></span> <span class='ocrx_word' id='word_1_488' title='bbox 1040 4061 1099 4107; x_wconf 78' lang='lat' dir='ltr'><strong>dio.</strong></span> <span class='ocrx_word' id='word_1_489' title='bbox 1123 4059 1269 4119; x_wconf 72' lang='grc' dir='ltr'><strong>Πτολεμαῖος</strong></span> <span class='ocrx_word' id='word_1_490' title='bbox 1293 4054 1354 4107; x_wconf 75' lang='lat' dir='ltr'><strong>did</strong></span> 
     </span>
     <span class='ocr_line' id='line_1_50' title="bbox 257 4124 1354 4197; baseline 0.011 -22"><span class='ocrx_word' id='word_1_491' title='bbox 257 4124 383 4190; x_wconf 84' lang='lat' dir='ltr'><strong>est,quod</strong></span> <span class='ocrx_word' id='word_1_492' title='bbox 392 4124 468 4176; x_wconf 88' lang='lat' dir='ltr'><strong>bnic‘</strong></span> <span class='ocrx_word' id='word_1_493' title='bbox 477 4126 586 4177; x_wconf 82' lang='lat' dir='ltr'><strong>iterate&#39;</strong></span> <span class='ocrx_word' id='word_1_494' title='bbox 596 4127 675 4179; x_wconf 90' lang='lat' dir='ltr'><strong>debet</strong></span> <span class='ocrx_word' id='word_1_495' title='bbox 685 4144 788 4194; x_wconf 81' lang='lat' dir='ltr'><strong>respon·</strong></span> <span class='ocrx_word' id='word_1_496' title='bbox 822 4130 911 4195; x_wconf 66' lang='lat' dir='ltr'><strong>akyro,</strong></span> <span class='ocrx_word' id='word_1_497' title='bbox 919 4133 932 4181; x_wconf 80' lang='lat' dir='ltr'><strong>d</strong></span> <span class='ocrx_word' id='word_1_498' title='bbox 941 4134 1047 4188; x_wconf 67' lang='lat' dir='ltr'><strong>saiwand</strong></span> <span class='ocrx_word' id='word_1_499' title='bbox 1055 4132 1138 4185; x_wconf 69' lang='lat' dir='ltr'><strong>iwrio</strong></span> <span class='ocrx_word' id='word_1_500' title='bbox 1149 4132 1354 4197; x_wconf 69' lang='grc' dir='ltr'><strong>σὺδιιμονίπιτοε</strong></span> 
     </span>
     <span class='ocr_line' id='line_1_51' title="bbox 258 4201 1354 4275; baseline 0.004 -19"><span class='ocrx_word' id='word_1_501' title='bbox 258 4202 323 4256; x_wconf 80' lang='lat' dir='ltr'><strong>dcte</strong></span> <span class='ocrx_word' id='word_1_502' title='bbox 332 4201 473 4267; x_wconf 78' lang='lat' dir='ltr'><strong>secuudum</strong></span> <span class='ocrx_word' id='word_1_503' title='bbox 484 4202 546 4256; x_wconf 83' lang='lat' dir='ltr'><strong>tect.</strong></span> <span class='ocrx_word' id='word_1_504' title='bbox 557 4204 625 4267; x_wconf 73' lang='lat' dir='ltr'><strong>vuig.</strong></span> <span class='ocrx_word' id='word_1_505' title='bbox 641 4205 648 4232; x_wconf 90' lang='lat'>‘</span> <span class='ocrx_word' id='word_1_506' title='bbox 657 4214 736 4269; x_wconf 85' lang='lat' dir='ltr'><strong>pacta</strong></span> <span class='ocrx_word' id='word_1_507' title='bbox 747 4222 788 4261; x_wconf 72' lang='lat' dir='ltr'><strong>so,-</strong></span> <span class='ocrx_word' id='word_1_508' title='bbox 822 4208 949 4275; x_wconf 57' lang='lat' dir='ltr'><strong>mm,</strong></span> <span class='ocrx_word' id='word_1_509' title='bbox 959 4208 1131 4273; x_wconf 60' lang='lat' dir='ltr'><strong>minnista</strong></span> <span class='ocrx_word' id='word_1_510' title='bbox 1148 4210 1287 4269; x_wconf 66' lang='grc' dir='ltr'><strong>ἐβασίλευσα</strong></span> <span class='ocrx_word' id='word_1_511' title='bbox 1297 4210 1354 4263; x_wconf 78' lang='lat' dir='ltr'><strong>ris.</strong></span> 
     </span>
    </p>
   </div>
   <div class='ocr_carea' id='block_1_6' title="bbox 0 0 1553 4884">
    <p class='ocr_par' dir='ltr' id='par_1_6' title="bbox 0 0 1553 4884">
     <span class='ocr_line' id='line_1_52' title="bbox 0 0 1553 4884; baseline 0 0"><span class='ocrx_word' id='word_1_512' title='bbox 0 0 1553 4884; x_wconf 95' lang='lat' dir='ltr'><strong> </strong></span> 
     </span>
    </p>
   </div>
  </div>
 </body>
</html>
